@article{gridpp2006,
   author = {{The GridPP Collaboration}},
    title = {{GridPP: Development of the UK Computing Grid for Particle Physics}},
  journal = {J. Phys. G},
     year = {2006},
   volume = {32},
    pages = {N1--N20},
      url = {http://dx/doi.org/10.1088/0954-3899/32/1/N0138},
      doi = {10.1088/0954-3899/32/1/N0138},
    annote = {The key paper to cite for GridPP.*}
}

@article{gridpp2009,
   author = {D. Britton and others},
    title = {{GridPP: the UK grid for particle physics}},
  journal = {Phil. Trans. R. Soc. A},
     year = {2009},
   volume = {367},
    pages = {2447--2457},
      doi = {10.1098/rsta.2009.0036},
      url = {http://dx.doi.org/10.1098/rsta.2009.0036},
   annote = {The other key paper to cite for GridPP.*}
}

@article{WLCG2005,
      Author = {Bird, I. and Bos, K. and Brook, N. and Duellmann, D. and Eck, C. and Fisk, I. and Foster, D. and Gibbard, B. and Grandi, C. and Grey, F. and others},
      title          = "{LHC Computing Grid: Technical Design Report}",
      year           = "2005",
      reportNumber   = "CERN-LHCC-2005-024",
      Annote = {The WLCG Technical Design Report.}
}

@Article{DIRAC2010,
  Author = {Tsaregorodtsev, A. and others},
  Title = {{DIRAC pilot framework and the DIRAC Workload Management System}},
  Year = {2010},
  Journal = {{J. Phys.: Conf. Ser.}},
  Volume = {219},
  Pages = {062049},
  doi = {10.1088/1742-6596/219/6/062049},
  url = {http://dx.doi.org/10.1088/1742-6596/219/6/062049}
}

@Article{GRIDPPDIRAC2015a,
  Author = {Bauer, D. and others},
  Title = {{The GridPP DIRAC project: Implementation of a multi-VO DIRAC service}},
  Year = {2015},
  Journal = {{J. Phys.: Conf. Ser.}},
  Volume = {664},
  Pages = {062009},
  doi = {10.1088/1742-6596/664/6/062009},
  url = {http://dx.doi.org/10.1088/1742-6596/664/6/062009}
}

@Article{GRIDPPDIRAC2015b,
  Author = {Bauer, D. and others},
  Title = {{The GridPP DIRAC project - DIRAC for non-LHC communities}},
  Year = {2015},
  Journal = {{J. Phys.: Conf. Ser.}},
  Volume = {664},
  Pages = {062036},
  doi = {10.1088/1742-6596/664/6/062036},
  url = {http://dx.doi.org/10.1088/1742-6596/664/6/062036}
}

@Article{CernVM2015,
  Author = {Ganis, G. and others},
  Title = {{Status and Roadmap of CernVM}},
  Year = {2015},
  Journal = {{J. Phys.: Conf. Ser.}},
  Volume = {664},
  Pages = {022018},
  doi = {10.1088/1742-6596/664/2/022018},
  url = {http://dx.doi.org/10.1088/1742-6596/664/2/022018}
}

@Article{CVMFS2015,
  Author = {Blomer, J. and others},
  Title = {{The Evolution of Global Scale Filesystems for Scientific Software Distribution}},
  Year = {2015},
  Journal = {{Computing in Science and Engineering}},
  Volume = {17},
  Issue = {6},
  Pages = {61--71},
  doi = {10.1109/MCSE.2015.111},
  url = {https://doi.org/10.1109/MCSE.2015.111}
}
