@article{Gamberg2000,
	Author = {Gamberg, L. P. and Kalbfleisch, G. R. and Milton, K. A.},
	Journal = {Found. Phys.},
	Pages = {543},
	Title = {{Direct and indirect searches for low-mass magnetic monopoles}},
	Volume = {30},
        Issue = {4},
	Year = {2000},
        Doi = {10.1023/A:1003668812097},
        Annote = {Low-mass monopole limits in the Tevatron context.}
        }

@article{Bracci1984,
	Author = {Bracci, L. and Fiorentini, G.},
	Journal = {Nucl. Phys. B},
	Pages = {236},
	Title = {{Interactions of magnetic monopoles with nuclei and atoms: formation of bound states and phenomenological consequences}},
	Volume = {232},
	Year = {1984},
        Doi = {10.1016/0550-3213(84)90566-2},
        Annote = {More monopole binding energy calculations.}
        }

@book{Craigie1986,
	Author = {N. Craigie and G. Giacomelli and W. Nahm and Q. Shafi},
	Publisher = {World Scientific},
	Title = {Theory and Detection of Magnetic Monopoles in Gauge Theories},
	Year = {1986},
        Isbn = {978-9971-966-94-2},
        Url = {http://www.worldscientific.com/worldscibooks/10.1142/0129}
        }

@article{Derkaoui1998,
	Author = {J. Derkaoui and G. Giacomelli and T. Lari and A. Mergiotta and M. Ouchrif and L. Patrizii and V. Popa and V. Togo},
	Journal = {Astropart. Phys.},
	Pages = {173-183},
	Title = {Energy losses of magnetic monopoles and of dyons in the Earth},
	Volume = {9},
	Year = {1998},
        Doi = {10.1016/S0927-6505(98)00016-4},
        Annote = {Monopole/dyon energy losses in the Earth (calculations).}
        }

@article{Curie1894,
	Author = {P. Curie},
        Journal = {J. Phys. Theor. Appl.},
        Volume = {3},
	Pages = {415},
        Title = {Sur la possibilit{\'e} d'existence de la conductibilit{\'e} magn{\'e}tique et du magn{\'e}tisme libre},
	Year = {1894},
        Doi = {10.1051/jphystap:018940030041501},
        Url = {http://dx.doi.org/10.1051/jphystap:018940030041501},
        Annote = {First mention of magnetic charge.}
        }

@article{Maxwell1865,
	Author = {Maxwell, J.C.},
	Journal = {Philosophical Transactions of the Royal Society of London},
	Pages = {459},
	Title = {{A dynamical theory of the electromagnetic field}},
	Volume = {155},
	Year = {1865},
        Doi = {10.1098/rstl.1865.0008},
        Annote = {Maxwell's equations.}
        }

@article{Kinoshita1992,
	Author = {K. Kinoshita and R. Du and G. Giacomelli and L. Patrizii and J. L. Pinfold and F. Predieri P. Serra and M. Spurio},
	Journal = {Phys. Rev. D},
	Pages = {881-884},
	Title = {{A search for highly ionizing particles in e+e- annihilations at S**(1/2) =91.1 GeV}},
	Volume = {46},
        Month = {August},
	Year = {1992},
        Doi = {10.1103/PhysRevD.46.R881},
        Annote = {NTD search at LEP, a.k.a. MODAL.}
        }

@conference{Goebel1983,
	Author = {C. J Goebel},
	Booktitle = {Monopole '83},
	Editor = {J. L. Stone},
	Pages = {333},
	Publisher = {Plenum},
	Title = {Binding of Nuclei to Monopoles},
	Year = {1984}}

@article{Olaussen1984,
	Author = {K. Olaussen and H. A. Olsen and I. Overbo and P Osland},
	Journal = {Phys. Rev. Lett.},
	Pages = {325},
	Title = {Proton capture by magnetic monopoles},
	Volume = {52},
        Month = {January},
	Year = {1984},
        Doi = {10.1103/PhysRevLett.52.325},
        Annote = {Proton capture by monopoles (calculations).}
        }

@article{Olaussen1983,
	Author = {K. Olaussen and H. A. Olsen and P. Osland and I. Overbo},
	Journal = {Nucl. Phys. B},
	Pages = {567},
	Title = {Kazama-Yang monopole-fermion bound states},
	Volume = {228},
	Year = {1983},
        Doi = {10.1016/0550-3213(83)90560-6},
        Annote = {Monopole-fermion binding energy calculations.}
        }

@article{Caplin1986,
	Author = {A. D. Caplin and M. Hardiman and M. Koratzinos and J. C.Schouten},
	Journal = {Nature},
	Month = {May},
	Pages = {402--406},
	Title = {Observation of an unexplained event from a magnetic monopole detector},
	Volume = {321},
	Year = {1986},
        Doi = {10.1038/321402a0},
        Annote = {Caplin's unexplained monopole event.*}
        }

@article{Cabrera1982,
	Author = {Cabrera, B.},
	Journal = {Physical Review Letters},
	Pages = {1378--1380},
	Title = {First Results from a Superconductive Detector for Moving Magnetic Monopoles},
	Volume = {48},
	Year = {1982},
        Doi = {10.1103/PhysRevLett.48.1378},
        Annote = {Candidate event in a superconducting loop at Stanford.}
        }

@book{Millikan1917,
      Author = {Millikan, R. A.},
      Journal = {The University of Chicago Press},
      Title = {{The Electron: Its Isolation and Measurements and the Determination of Some of its Properties}},
      Year = {1917}
      }

@article{Dirac1928,
	Author = {Dirac, P. A. M.},
	Journal = {Proc. Roy. Soc. A},
	Title = {{The Quantum Theory of the Electron}},
	Volume = {117},
        Issue = {778},
	Pages = {610-624},
        Month = {February},
	Year = {1928},
        Doi = {10.1098/rspa.1928.0023},
        Annote = {{{\em ``The Quantum Theory of the Electron''}.}}
        }

@article{Dirac1930,
	Author = {Dirac, P. A. M.},
	Journal = {Proc. Roy. Soc. A},
	Title = {{A Theory of Electrons and Protons}},
	Volume = {126},
        Issue = {801},
	Pages = {360-365},
        Month = {January},
	Year = {1930},
        Doi = {10.1098/rspa.1930.0013},
        Annote = {{{\em ``A Theory of Electrons and Protons''}.}}
        }

@article{Dirac1931,
	Author = {Dirac, P.A.M.},
	Journal = {Proc. Roy. Soc. A},
	Title = {{Quantised Singularities in the Electromagnetic Field}},
	Volume = {133},
        Issue = {821},
	Pages = {60},
        Month = {September},
	Year = {1931},
        Doi = {10.1098/rspa.1931.0130},
        Url = {http://dx.doi.org/10.1098/rspa.1931.0130},
        Annote = {{Dirac's magnetic monopole prediction. *}}
        }

@article{Dirac1948,
	Author = {Dirac, P.A.M.},
	Doi = {10.1103/PhysRev.74.817},
	Journal = {Phys. Rev.},
	Pages = {817},
	Title = {{The Theory of Magnetic Poles}},
	Volume = {74},
	Year = {1948},
	Url = {http://dx.doi.org/10.1103/PhysRev.74.817},
        Annote = {{{\em ``The Theory of Magnetic Poles''.}}}
        }

@article{Malkus1951,
	Author = {Malkus, W.V.R.},
	Doi = {10.1103/PhysRev.83.899},
	Journal = {Phys. Rev.},
	Pages = {899},
	Title = {{The Interaction of the Dirac Magnetic Monopole with Matter}},
	Volume = {83},
	Year = {1951},
	Url = {http://dx.doi.org/10.1103/PhysRev.83.899},
        Annote = {{Monopole/matter interactions.}}
        }

@article{Birks1952,
	Author = {Birks, J.D.},
	Journal = {Phys. Rev.},
	Pages = {569},
	Title = {{Theory of the Response of Organic Scintillation Crystals to Short-Range Particles}},
	Volume = {86},
	Year = {1952},
        Doi = {10.1103/PhysRev.86.569},
        Annote = {{Monopole/scintillator interactions.}}
        }

@article{Goto1958,
	Author = {Goto, E.},
	Journal = {J. Phys. Soc. Jpn.},
	Pages = {1413},
	Title = {{On the Observation of Magnetic Poles}},
	Volume = {13},
	Year = {1958},
        Doi = {10.1143/JPSJ.13.1413},
        Url = {http://dx.doi.org/10.1143/JPSJ.13.1413},
        Annote = {Proposes method for magnetic material searches.}
        }

@article{Goto1963,
	Author = {Goto, E. and Kolm, H.H. and Ford, K.W.},
	Doi = {10.1103/PhysRev.132.387},
	Journal = {Phys. Rev.},
	Pages = {387},
	Title = {{Search for Feromagnetically Trapped Magnetic Monopoles of Cosmic-Ray Origin}},
	Volume = {132},
	Year = {1963},
	Url = {http://dx.doi.org/10.1103/PhysRev.132.387},
        Annote = {{Meteorite/emulsion search.}}
        }

@article{Petukhov1963,
	Author = {Petukhov, V.A. and Yakimenko, M.N.},
	Doi = {10.1016/0029-5582(63)90076-2},
	Journal = {Nucl. Phys.},
	Pages = {87},
	Title = {{Search for the Dirac monopole}},
	Volume = {49},
	Year = {1963},
	Url = {http://dx.doi.org/10.1016/0029-5582(63)90076-2},
        Annote = {{Vaporising a meteorite!}}
        }

@article{Carithers1966,
	Author = {Carithers, W.C. and Stefanski, R. and Adair, R.K.},
	Doi = {10.1103/PhysRev.149.1070},
	Journal = {Phys. Rev.},
	Pages = {1070},
	Title = {{Search for Heavy Magnetic Monopoles}},
	Volume = {149},
	Year = {1966},
	Url = {http://dx.doi.org/10.1103/PhysRev.149.1070},
        Annote = {{Solenoid-based cosmic monopole search.}}
        }

@article{Schwinger1966,
	Author = {Schwinger, Julian S.},
	Doi = {10.1103/PhysRev.144.1087},
	Journal = {Phys. Rev.},
	Pages = {1087},
	Title = {{Magnetic charge and quantum field theory}},
	Volume = {144},
	Year = {1966},
	Url = {http://dx.doi.org/10.1103/PhysRev.144.1087},
        Annote = {{{\em ``Magnetic charge and quantum field theory''}.}}
        }

@article{Alvager1967,
	Author = {{Alv\"ager}, T. and Naumann, R.A.},
	Doi = {10.1016/0370-2693(67)90367-X},
	Journal = {Physics Letters B},
	Pages = {647},
	Title = {{Search for stable heavy massive particles of positive integral charge}},
	Volume = {24},
	Year = {1967},
	Url = {http://dx.doi.org/10.1016/0370-2693(67)90367-X},
        Annote = {Search for massive, charged particles in deuterium.}
        }

@article{Zwanziger1968,
	Author = {Zwanziger, D.},
	Doi = {10.1103/PhysRev.176.1480},
	Journal = {Phys. Rev.},
	Pages = {1480},
	Title = {{Exactly soluble nonrelativistic model of particles with both electric and magnetic charges}},
	Volume = {176},
	Year = {1968},
	Url = {http://dx.doi.org/10.1103/PhysRev.176.1480},
        Annote = {A theory paper on dyons.}
        }

@article{Fleischer1969a,
	Author = {Fleischer, R.L. and Jacobs, I.S. and Schwarz, W.M. and Price, P.B.},
	Journal = {Phys. Rev.},
	Pages = {2029},
	Title = {{Search for Multiply Charged Dirac Magnetic Poles}},
	Volume = {177},
	Year = {1969},
        Doi = {10.1103/PhysRev.177.2029},
        Annote = {{Manganese nodules (ocean floor)/Lexan NTD search.}}
        }

@article{Fleischer1969b,
	Author = {Fleischer, R.L. and Hart, H.R. and Jacobs, I.S. and Price, P.B. and Schwarz, W.M. and Aumento, F.},
	Doi = {10.1103/PhysRev.184.1393},
	Journal = {Phys. Rev.},
	Pages = {1393},
	Title = {{Search for Magnetic Monopoles in Deep Ocean Deposits}},
	Volume = {184},
	Year = {1969},
	Url = {http://dx.doi.org/10.1103/PhysRev.184.1393},
        Annote = {{Another manganese nodule-based search.}}
        }

@article{Schwinger1969,
	Author = {Schwinger, J.S.},
	Doi = {10.1126/science.165.3895.757},
	Journal = {Science},
	Pages = {757},
	Title = {{A Magnetic Model of Matter}},
	Volume = {165},
	Year = {1969},
	Url = {http://dx.doi.org/10.1126/science.165.3895.757},
        Annote = {{{\em ``A Magnetic Model of Matter''}.}}
        }

@article{Parker1970,
        Title = {The Origin of Magnetic Fields},
	Author = {Parker, E.N.},
	Journal = {Astrophys. J.},
	Pages = {224},
	Volume = {163},
        Month = {May},
	Year = {1970},
        Doi = {10.1086/150442},
        URL = {http://dx.doi.org/10.1086/150442},
        Annote = {{Lecture -- the Parker bound.*}}
        }

@article{Eberhard1971,
	Author = {Eberhard, Philippe H. and Ross, R.R. and Alvarez, Luis W. and Watt, R.D.},
	Doi = {10.1103/PhysRevD.4.3260},
	Journal = {Phys. Rev. D},
	Pages = {3260},
	Reportnumber = {SLAC-PUB-0927, UCRL-20835},
	Title = {{Search for magnetic monopoles in lunar material}},
	Volume = {4},
	Year = {1971},
	Url = {http://dx.doi.org/10.1103/PhysRevD.4.3260},
        Annote = {{Monopoles in moon rocks!}}
        }

@article{Kolm1971,
	Author = {Kolm, H.H. and Villa, F. and Odian, A.},
	Journal = {Phys. Rev. D},
	Pages = {1285},
	Title = {{Search for Magnetic Monopoles}},
	Volume = {4},
	Year = {1971},
        Doi = {10.1103/PhysRevD.4.1285},
        Annote = {{A deep-sea sediment search.}}
        }

@article{Carrigan1973,
	Author = {Carrigan, R.A. and Nezrick, F.A. and Strauss, B.P.},
	Doi = {10.1103/PhysRevD.8.3717},
	Journal = {Phys. Rev. D},
	Pages = {3717},
	Title = {{Search for Magnetic-Monopole Production by 300-GeV Protons}},
	Volume = {8},
	Year = {1973},
	Url = {http://dx.doi.org/10.1103/PhysRevD.8.3717},
        Annote = {{300 GeV proton search at NAL (pre-1974 Fermilab).}}
        }

@article{Ross1973,
	Author = {Ross, R.R. and Eberhard, P.H. and Alvarez, L.W. and Watt, R.D.},
	Doi = {10.1103/PhysRevD.8.698},
	Journal = {Phys. Rev. D},
	Pages = {698},
	Reportnumber = {SLAC-PUB-1249, LBL-1730},
	Title = {{Search for magnetic monopoles in lunar material using an electromagnetic detector}},
	Volume = {8},
	Year = {1973},
	Url = {http://dx.doi.org/10.1103/PhysRevD.8.698},
        Annote = {{More moon rocks.}}
        }

@article{Georgi1974,
	Author = {Georgi, H. and Glashow, S.L.},
	Doi = {10.1103/PhysRevLett.32.438},
	Journal = {Phys. Rev. Lett.},
	Pages = {438-441},
	Title = {{Unity of All Elementary Particle Forces}},
	Volume = {32},
	Year = {1974},
	Url = {http://dx.doi.org/10.1103/PhysRevLett.32.438},
        Annote = {{{\em ``Unity of All Elementary Particle Forces''}.}}
        }

@article{Polyakov1974,
	Author = {Polyakov, A. M.},
	Journal = {JETP Lett.},
	Pages = {194},
	Title = {{Particle Spectrum in the Quantum Field Theory}},
	Volume = {20},
	Year = {1974},
        Url = {https://inspirehep.net/record/90679},
        Annote = {{Polyakov's GUT monopole paper.*}}
        }

@article{tHooft1974,
	Author = {'t Hooft, G.},
	Doi = {10.1016/0550-3213(74)90486-6},
	Journal = {Nucl. Phys. B},
	Pages = {276},
	Title = {{Magnetic Monopoles in Unified Gauge Theories}},
	Volume = {79},
	Year = {1974},
	Url = {http://dx.doi.org/10.1016/0550-3213(74)90486-6},
        Annote = {{'t Hooft's GUT monopole paper.*}}
        }

@article{Schwinger1975,
	Author = {Schwinger, J.},
	Doi = {10.1103/PhysRevD.12.3105},
	Journal = {Phys. Rev. D},
	Pages = {3105},
	Title = {{Magnetic charge and the charge quantization condition}},
	Volume = {12},
	Year = {1975},
	Url = {http://dx.doi.org/10.1103/PhysRevD.12.3105},
        Annote = {{Schwinger on dyons.}}
        }

@article{Price1975,
        Author = {Price, P. B. and Shirk, E. K. and Osborne, W. Z. and Pinsky, L. S.},
	Doi = {10.1103/PhysRevLett.35.487},
	Journal = {Phys. Rev. D},
	Pages = {487},
        Title = {Evidence for Detection of a Moving Magnetic Monopole},
	Volume = {35},
	Year = {1975},
	Url = {http://dx.doi.org/10.1103/PhysRevLett.35.487},
        Annote = {{Balloon-borne NTDs with a ``monopole'' signal!}}
        }

@article{Friedlander1975,
        Author = {Friedlander, M. W.},
	Doi = {10.1103/PhysRevLett.35.1103},
	Journal = {Phys. Rev. Lett.},
	Pages = {1167},
        Title = {Comments on the Reported Observation of a Monopole},
	Volume = {35},
	Year = {1975},
	Url = {http://dx.doi.org/10.1103/PhysRevLett.35.1167},
        Annote = {{That's no monopole...}}
        }

@article{Carrigan1976,
	Author = {Carrigan, R.A. and Nezrick, F.A. and Strauss, B.P.},
	Doi = {10.1103/PhysRevD.13.1823},
	Journal = {Phys. Rev. D},
	Pages = {1823},
	Title = {{Search for misplaced magnetic monopoles}},
	Volume = {13},
	Year = {1976},
	Url = {http://dx.doi.org/10.1103/PhysRevD.13.1823},
        Annote = {Looking for monopoles in ocean water and the atmosphere.}
        }

@article{Holt1976,
	Author = {Holt, R.J. and Schiffer, J.P. and Specht, J. and Bollinger, L.M. and Thomas, G.E. and Fried, S.M. and Hines, J.J. and Friedman, A.M.},
	Doi = {10.1103/PhysRevLett.36.183},
	Journal = {Phys. Rev. Lett.},
	Pages = {183},
	Title = {{Search for Stable, Abnormal (Collapsed) Nuclei in Nature}},
	Volume = {36},
	Year = {1976},
	Url = {http://dx.doi.org/10.1103/PhysRevLett.36.183},
        Annote = {Search in Radon (not necessarily monopoles).}
        }

@article{Troost1976,
	Author = {Troost, W. and Vinciarelli, P.},
	ReportNumber = {CERN-TH-2195},
	Title = {{Monopoles from Dipoles}},
	Year = {1976},
        Url = {https://inspirehep.net/record/109302},
        Annote = {{{\em ``Monopoles from Dipoles''} -- theory.}}
        }

@article{Kittel1977,
	Author = {Kittel, C. and Manoliu, A.},
	title = {Interaction of a magnetic monopole with a ferromagnetic domain},
	Doi = {10.1103/PhysRevB.15.333},
	Journal = {Phys. Rev. B},
	Pages = {333},
	Volume = {15},
	Year = {1977},
	Url = {http://dx.doi.org/10.1103/PhysRevB.15.333},
        Annote = {Monopole/ferromagnetic material interactions (theory).}
        }

@article{Muller1977,
	Author = {Muller, R.A. and Alvarez, L.W. and Holley, W.R. and Stephenson, E.J.},
	Doi = {10.1126/science.196.4289.521},
	Journal = {Science},
	Pages = {521},
	Title = {{Quarks with Unit Charge: A Search for Anomalous Hydrogen}},
	Volume = {196},
	Year = {1977},
	Url = {http://dx.doi.org/10.1126/science.196.4289.521},
        Annote = {Search for odd hydrogren using an 88-inch cyclotron.}
        }

@article{Ahlen1978,
	Author = {Ahlen, S.P.},
	Journal = {Phys. Rev. D},
	Pages = {229},
	Title = {{Stopping-power formula for magnetic monopoles}},
	Volume = {17},
	Year = {1978},
        Doi = {10.1103/PhysRevD.17.229},
        Annote = {{{\em ``Stopping-power formula for magnetic monopoles''}.}}
        }

@article{Middleton1979,
	Author = {Middleton, R. and {Zurm\"uhle}, R.W. and Klein, J. and Kollarits, R.V.},
	Doi = {10.1103/PhysRevLett.43.429},
	Journal = {Phys. Rev. Lett.},
	Pages = {429},
	Title = {{Search for an Anomalously Heavy Isotope of Oxygen}},
	Volume = {43},
	Year = {1979},
	Url = {http://dx.doi.org/10.1103/PhysRevLett.43.429},
        Annote = {Using a tandem accelerator as a spectrometer - oxygen.}
        }

@article{Smith1979,
	Author = {Smith, P.F. and Bennett, J.R.J.},
	Doi = {10.1016/0550-3213(79)90006-3},
	Journal = {Nucl. Phys. B},
	Pages = {525},
	Title = {{A search for heavy stable particles}},
	Volume = {149},
	Year = {1979},
	Url = {http://dx.doi.org/10.1016/0550-3213(79)90006-3},
        Annote = {Heavy stable particle search in heavy water at RAL.}
        }

@article{Ahlen1980,
	Author = {Ahlen, S.P.},
	Journal = {Rev. Mod. Phys.},
	Pages = {121},
	Title = {{Theoretical and experimental aspects of the energy loss of relativistic heavily ionizing particles}},
	Volume = {52},
	Year = {1980},
        Doi = {10.1103/RevModPhys.52.121},
        Annote = {{HIP energy loss.}}
        }

@article{Carrigan1980,
	Author = {Carrigan, R.A.},
	Doi = {10.1038/288348a0},
	Journal = {Nature},
	Pages = {348},
	Title = {{Grand unification magnetic monopoles inside the Earth}},
	Volume = {288},
	Year = {1980},
	Url = {http://dx.doi.org/10.1038/288348a0},
        Annote = {{Limits on GUT monopoles from properties of the Earth.}}
        }

@article{tHooft1980,
	Author = {'t Hooft, G.},
	Title = {{Naturalness, chiral symmetry, and spontaneous chiral symmetry breaking}},
        booktitle = "{Cargese Summer Institute: Recent Developments in Gauge Theories, Cargese, France, August 26-September 8, 1979}",
        journal = "NATO Sci. Ser. B",
        volume = "59",
        year = "1980",
        pages = "135",
        reportNumber   = "PRINT-80-0083 (UTRECHT)",
        Url = {http://inspirehep.net/record/144074},
        Annote = {{Summer seminar.}}
        }

@article{Bartlett1981,
	Author = {Bartlett, D.F. and Soo, D. and Fleischer, R.L. and Hart Jr., H.R. and Mogro-Campero, A.},
	Doi = {10.1103/PhysRevD.24.612},
	Journal = {Phys. Rev. D},
	Pages = {612},
	Title = {{Search for cosmic-ray-related magnetic monopoles at ground level}},
	Volume = {24},
        Month = {August},
	Year = {1981},
	Url = {http://dx.doi.org/10.1103/PhysRevD.24.612},
        Annote = {{Fermilab bubble chamber magnet/Lexan search.}}
        }

@article{Goddard1981,
	Author = {Goddard, P. and Olive, D.I.},
	Doi = {10.1016/0550-3213(81)90311-4},
	Journal = {Nucl. Phys. B},
	Pages = {511},
	Title = {{Charge quantization in theories with an adjoint representation Higgs mechanism}},
	Volume = {191},
	Year = {1981},
	Url = {http://dx.doi.org/10.1016/0550-3213(81)90311-4},
        Annote = {Magnetic charge in Higgsy theories.}
        }

@article{Kirkman1981,
	Author = {Kirkman, T.W. and Zachos, C.K.},
	Doi = {10.1103/PhysRevD.24.999},
	Journal = {Phys. Rev. D},
	Pages = {999},
	Title = {{Asymptotic Analysis of the Monopole Structure}},
	Volume = {24},
	Year = {1981},
	Url = {http://dx.doi.org/10.1103/PhysRevD.24.999},
        Annote = {{{\em ``Asymptotic Analysis of the Monopole Structure''}.}}
        }

@article{Ahlen1982,
	Author = {Ahlen, S.P. and Kinoshita, K.},
	Doi = {10.1103/PhysRevD.26.2347},
	Journal = {Phys. Rev. D},
	Pages = {2347},
	Title = {{Calculation of the stopping power of very-low-velocity magnetic monopoles}},
	Volume = {26},
	Year = {1982},
	Url = {http://dx.doi.org/10.1103/PhysRevD.26.2347},
        Annote = {{Low $\beta$ monopole stopping power calculations.}}
        }

@article{Carrigan1982,
	Author = {Carrigan, R.A. and Trowers, W.P.},
	Journal = {Scientific American},
	Pages = {106},
	Title = {{Superheavy Magnetic Monopoles}},
	Volume = {246},
	Year = {1982},
        Doi = {10.1038/scientificamerican0482-106},
        Annote = {{{\em ``Superheavy Magnetic Monopoles''}.}}
        }

@article{Longo1982,
	Author = {Longo, M.J.},
	Doi = {10.1103/PhysRevD.25.2399},
	Journal = {Phys. Rev. D},
	Pages = {2399},
	Title = {{Massive magnetic monopoles: Indirect and direct limits on their number density and flux}},
	Volume = {25},
	Year = {1982},
	Url = {http://dx.doi.org/10.1103/PhysRevD.25.2399},
        Annote = {{Indirect and direct limits on massive monopoles.}}
        }

@article{Smith1982,
	Author = {Smith, P.F. and Bennett, J.R.J. and Homer, G.J. and Lewin, J.D. and Walford, H.E. and Smith, W.A.},
	Doi = {10.1016/0550-3213(82)90271-1},
	Journal = {Nucl. Phys. B},
	Pages = {333},
	Title = {{A Search For Anomalous Hydrogen In Enriched D$_2$O, Using A Time-of-flight Spectrometer}},
	Volume = {206},
	Year = {1982},
	Url = {http://dx.doi.org/10.1016/0550-3213(82)90271-1},
        Annote = {{Heavy water search with a ToF spectrometer.}}
        }

@article{Rizzo1982,
	Author = {Rizzo, T.G. and Senjanovic, G.},
	Doi = {10.1103/PhysRevD.25.235},
	Journal = {Phys. Rev. D},
	Pages = {235},
	Title = {{Grand Unification and Parity Restoration at Low-energies}},
	Volume = {25},
	Year = {1982},
	Url = {http://dx.doi.org/10.1103/PhysRevD.25.235},
        Annote = {{\em ``Grand Unification and Parity Restoration at Low-energies''}.}
        }

@article{Carrigan1983,
	Author = {Carrigan, R.A. and Trowers, W.P.},
	Doi = {10.1038/305673a0},
	Journal = {Nature},
	Pages = {673},
	Title = {{Magnetic Monopoles}},
	Volume = {305},
	Year = {1983},
	Url = {http://dx.doi.org/10.1038/305673a0},
        Annote = {Review article in Nature.}
        }

@article{Ebisu1983,
	Author = {Ebisu, T. and Watanabe, T.},
	Journal = {J. Phys. Soc. Jpn.},
	Pages = {2617},
	Title = {{Search for Superheavy Monopoles in 65 kg of Iron Magnetic Sand with a SQUID Fluxmeter}},
	Volume = {52},
	Year = {1983},
        Doi = {10.1143/JPSJ.52.2617},
        Annote = {{Ferric sand search with a SQUID.}}
        }

@article{Dick1984,
	Author = {Dick, W.J. and Greenlees, G.W. and Kaufman, S.L.},
	Doi = {10.1103/PhysRevLett.53.431},
	Journal = {Phys. Rev. Lett.},
	Pages = {431},
	Title = {{Search for Anomalous Isotopes of Sodium}},
	Volume = {53},
	Year = {1984},
	Url = {http://dx.doi.org/10.1103/PhysRevLett.53.431},
        Annote = {Search for anomalous sodium isotopes with photon bursts.}
        }

@article{Preskill1984,
	Author = {Preskill, J.},
	Journal = {Ann. Rev. Nucl. Part. Sci.},
	Pages = {461},
	Title = {{Magnetic Monopoles}},
	Volume = {34},
	Year = {1984},
        Doi = {10.1146/annurev.ns.34.120184.002333},
        Annote = {{Preskill's review.*}}
        }

@article{Turkevich1984,
	Author = {Turkevich, A. and Wielgoz, K. and Economou, T.E.},
	Doi = {10.1103/PhysRevD.30.1876},
	Journal = {Phys. Rev. D},
	Pages = {1876},
	Title = {{Searching for supermassive Cahn-Glashow particles}},
	Volume = {30},
	Year = {1984},
	Url = {http://dx.doi.org/10.1103/PhysRevD.30.1876},
        Annote = {Massive particle search with processed graphite.}
        }

@article{Weinberg1984,
	Author = {Weinberg, E.J. and London, D. and Rosner, J.L.},
	Doi = {10.1016/0550-3213(84)90526-1},
	Journal = {Nucl. Phys. B},
	Pages = {90},
	Title = {{Magnetic monopoles with Z(n) charges}},
	Volume = {236},
	Year = {1984},
	Url = {http://dx.doi.org/10.1016/0550-3213(84)90526-1},
        Annote = {{\em ``Magnetic monopoles with Z(n) charges''}.}
        }

@article{Ebisu1985,
	Author = {Ebisu, T. and Watanabe, T.},
	Journal = {J. Phys. G},
	Pages = {883},
	Title = {{New limit on the magnetic monopole density in old iron ore}},
	Volume = {11},
	Year = {1985},
        Doi = {10.1088/0305-4616/11/8/005},
        Annote = {{Iron ore-based search.}}
        }

@article{Farhi1985,
	Author = {Farhi, E. and Jaffe, R.L.},
	Doi = {10.1103/PhysRevD.32.2452},
	Journal = {Phys. Rev. D},
	Pages = {2452},
	Title = {{Searching for strange matter by heavy ion activation}},
	Volume = {32},
	Year = {1985},
	Url = {http://dx.doi.org/10.1103/PhysRevD.32.2452},
        Annote = {Heavy ion-based search for strange matter (proposal).}
        }

@article{Haber1985,
	Author = {Haber, H.E. and Kane, G.L.},
	Doi = {10.1016/0370-1573(85)90051-1},
	Journal = {Phys. Rept.},
	Pages = {75},
	Title = {{The Search for Supersymmetry: Probing Physics Beyond the Standard Model}},
	Volume = {117},
	Year = {1985},
	Url = {http://dx.doi.org/10.1016/0370-1573(85)90051-1},
        Annote = {{Haber and Kane's classic supersymmeter review paper.*}}
        }

@article{Dick1986,
	Author = {Dick, W.J. and Greenlees, G.W. and Kaufman, S.L.},
	Doi = {10.1103/PhysRevD.33.32},
	Journal = {Phys. Rev. D},
	Pages = {32},
	Title = {{Search for possible superheavy particles in sodium nuclei}},
	Volume = {33},
	Year = {1986},
	Url = {http://dx.doi.org/10.1103/PhysRevD.33.32},
        Annote = {Superheavy sodium search (cont.).}
        }

@article{Groom1986,
	Author = {Groom, Donald E.},
	Doi = {10.1016/0370-1573(86)90037-2},
	Journal = {Phys. Rept.},
	Pages = {323},
	Title = {{In search of the supermassive magnetic monopole}},
	Volume = {140},
	Year = {1986},
	Url = {http://dx.doi.org/10.1016/0370-1573(86)90037-2},
        Annote = {Monopole search review.}
        }

@article{Jones1986,
	Author = {Jones, S.E.},
	Doi = {10.1038/321127a0},
	Journal = {Nature},
	Pages = {127},
	Title = {{Muon-catalysed fusion revisited}},
	Volume = {321},
	Year = {1986},
	Url = {http://dx.doi.org/10.1038/321127a0},
        Annote = {{\em ``Muon-catalysed fusion revisited''}.}
        }

@article{Kovalik1986,
	Author = {Kovalik, J.M. and Kirschvink, J.L.},
	Doi = {10.1103/PhysRevA.33.1183},
	Journal = {Phys. Rev. A},
	Pages = {1183},
	Title = {{New Superconducting Quantum Interface Device Based Constraints on the Abundance of Magnetic Monopoles Trapped in Matter: An Investigation of Deeply Buried Rocks}},
	Volume = {33},
	Year = {1986},
	Url = {http://dx.doi.org/10.1103/PhysRevA.33.1183},
        Annote = {SQUID search using deeply-buried rocks.}
        }

@article{Ebisu1987,
	Author = {Ebisu, T. and Watanabe, T.},
	Doi = {10.1103/PhysRevD.36.3359},
	Journal = {Phys. Rev. D},
	Pages = {3359},
	Title = {{Search for magnetic monopoles trapped in old iron ores using a superconducting detector}},
	Volume = {36},
	Year = {1987},
	Url = {http://dx.doi.org/10.1103/PhysRevD.36.3359},
        Annote = {Iron ore/SQUID search.}
        }

@article{Hodges1987,
	Author = {Hodges, H.M. and Kolb, E.W. and Turner, M.S.},
	Doi = {10.1103/PhysRevD.35.2024},
	Journal = {Phys. Rev. D},
	Pages = {2024},
	Title = {{Parker limit for monopoles with large magnetic charge}},
	Volume = {35},
	Year = {1987},
	Url = {http://dx.doi.org/10.1103/PhysRevD.35.2024},
        Annote = {{\em ``Parker limit for monopoles with large magnetic charge''}.}
        }

@article{Norman1987,
	Author = {Norman, E.B. and Gazes, S.B. and Bennett, D.A.},
	Doi = {10.1103/PhysRevLett.58.1403},
	Journal = {Phys. Rev. Lett.},
	Pages = {1403},
	Title = {{Searches for supermassive ${X}^{\mathrm{-}}$ particles in iron}},
	Volume = {58},
	Year = {1987},
	Url = {http://dx.doi.org/10.1103/PhysRevLett.58.1403},
        Annote = {Super-massive particle search in Fe (gamma/beta).}
        }

@article{Price1987,
	Author = {Price, P.B. and Ren, G. and Kinoshita, K.},
	Doi = {10.1103/PhysRevLett.59.2523},
	Journal = {Phys. Rev. Lett.},
	Pages = {2523},
	Title = {{Search for Highly Ionizing Particles at the Fermilab Proton Anti-proton Collider}},
	Volume = {59},
	Year = {1987},
	Url = {http://dx.doi.org/10.1103/PhysRevLett.59.2523},
        Annote = {Proton-antiproton (CoM 1800 GeV) NTD search at Fermilab.}
        }

@article{TASSO1988,
	Author = {{TASSO Collaboration}},
	Doi = {10.1007/BF01624358},
	Journal = {Z. Phys. C},
	Pages = {543},
	Title = {{A search for particles with magnetic charge produced in $e^+e^-$ annihilations at $\sqrt{s}=35$ GeV}},
	Volume = {38},
	Year = {1988},
	Url = {http://dx.doi.org/10.1007/BF01624358},
        Annote = {Monopole/dyon search in $e^{+}e^{-}$ with TASSO at DESY.}
        }

@article{Brugger1989,
	Author = {Brugger, M. and Lutzenkirchen, K. and Polikanov, S. and Herrmann, G. and Overbeck, M. and Trautmann, N. and Breskin, A. and Chechik, R. and Fraenkel, Z. and Smilansky, U.},
	Doi = {10.1038/337434a0},
	Journal = {Nature},
	Pages = {434},
	Title = {{Search for strange matter by Rutherford backscattering}},
	Volume = {337},
	Year = {1989},
	Url = {http://dx.doi.org/10.1038/337434a0},
        Annote = {{\em ``Search for strange matter by Rutherford backscattering''}.}
        }

@article{Norman1989,
	Author = {Norman, E.B. and Chadwick, R.B. and Lesko, K.T. and Larimer, R.-M. and Hoffman, D.C.},
	Doi = {10.1103/PhysRevD.39.2499},
	Journal = {Phys. Rev. D},
	Pages = {2499},
	Title = {{Search for supermassive Cahn-Glashow particles in lead}},
	Volume = {39},
	Year = {1989},
	Url = {http://dx.doi.org/10.1103/PhysRevD.39.2499},
        Annote = {Super-massive particle search in Lead (beta/gamma).}
        }

@article{Bermon1990,
	Author = {Bermon, S. and Chi, C.C. and Tsuei, C.C. and Rozen, J.R. and Chaudhari, P. and McElfresh, M.W. and Prodell, A.},
	Doi = {10.1103/PhysRevLett.64.839},
	Journal = {Phys. Rev. Lett.},
	Pages = {839},
	Title = {{New limit set on cosmic ray monopole flux by a large area superconducting magnetic induction detector}},
	Volume = {64},
	Year = {1990},
	Url = {http://dx.doi.org/10.1103/PhysRevLett.64.839},
        Annote = {Superconducting induction search at BNL.}
        }

@article{Bertani1990,
	Author = {Bertani, M. and Giacomelli, G. and Mondardini, M.R. and Pal, B. and Patrizii, L. and Predieri, F. and Serra-Lugaresi, P. and Sini, G. and Spurio, M. and Togo, V. and Zucchelli, S.},
	Doi = {10.1209/0295-5075/12/7/007},
	Journal = {Europhys. Lett.},
	Pages = {613},
	Title = {{Search for Magnetic Monopoles at the Tevatron Collider}},
	Volume = {12},
	Year = {1990},
	Url = {http://dx.doi.org/10.1209/0295-5075/12/7/007},
        Annote = {1.8TeV Tevatron search with NTDs at E0.}
        }

@article{Hemmick1990,
	Author = {Hemmick, T.K. and Elmore, D. and Gentile, T. and Kubik, P.W. and Olsen, S.L. and Ciampa, D. and Nitz, D. and Kagan, H. and Haas, P. and Smith, P.F. and McInteer, B.B. and Bigeleisen, J.},
	Doi = {10.1103/PhysRevD.41.2074},
	Journal = {Phys. Rev. D},
	Pages = {2074},
	Title = {{Search for low-$Z$ nuclei containing massive stable particles}},
	Volume = {41},
	Year = {1990},
	Url = {http://dx.doi.org/10.1103/PhysRevD.41.2074},
        Annote = {Low Z anomalous isotope searches with a tandem accelerator.}
        }

@article{Price1990,
	Author = {Price, P.B. and Jing, G. and Kinoshita, K.},
	Doi = {10.1103/PhysRevLett.65.149},
	Journal = {Phys. Rev. Lett.},
	Pages = {149-152},
	Title = {{High luminosity search for highly ionizing particles at the Fermilab collider}},
	Volume = {65},
	Year = {1990},
	Url = {http://dx.doi.org/10.1103/PhysRevLett.65.149},
        Annote = {NTD search at Tevatron's D0 experiment (1.8 TeV).}
        }

@article{Boyd1991,
	Author = {Boyd, R.N. and Caffee, M.W.},
	Doi = {10.1016/0920-5632(91)90324-8},
	Journal = {Nucl. Phys. B (Proc. Suppl.)},
	Pages = {195},
	Title = {{A search for stable strangelets in helium}},
	Volume = {24},
	Year = {1991},
	Url = {http://dx.doi.org/10.1016/0920-5632(91)90324-8},
        Annote = {A search for stable strangelets in Helium.}
        }

@article{Gardner1991,
	Author = {Gardner, R.D. and Cabrera, B. and Huber, M.E. and Taber, M.A.},
	Doi = {10.1103/PhysRevD.44.622},
	Journal = {Phys. Rev. D},
	Pages = {622},
	Title = {{Search for cosmic ray magnetic monopoles using a three loop superconductive detector}},
	Volume = {44},
	Year = {1991},
	Url = {http://dx.doi.org/10.1103/PhysRevD.44.622},
        Annote = {Another SQUID-based cosmic monopole search.}
        }

@article{Huber1991,
	Author = {Huber, M.E. and Cabrera, B. and Taber, M.A. and Gardner, R.D.},
	Doi = {10.1103/PhysRevD.44.636},
	Journal = {Phys. Rev. D},
	Pages = {636},
	Title = {{Search for a flux of cosmic ray magnetic monopoles with an eight channel superconducting detector}},
	Volume = {44},
	Year = {1991},
	Url = {http://dx.doi.org/10.1103/PhysRevD.44.636},
        Annote = {SQUID-based search for cosmic ray monopoles.}
        }

@article{Pinfold1991,
      Author = {Pinfold, J.L. and others},
      Title = {{Detector for magnetic monopoles at OPAL}},
      Journal = {{Nucl. Instrum. Meth. A}},
      Volume = {302},
      Year = {1991},
      Pages = {434},
      Doi = {10.1016/0168-9002(91)90356-U},
      Annote = {Monopole detector descriptions at LEP's OPAL experiment.}
      }
		
@article{Polikanov1991,
	Author = {Polikanov, S. and Sastri, C.S. and Herrmann, G. and {L\"utzenkirchen}, K. and Overbeck, M. and Trautmann, N. and Breskin, A. and Chechik, R. and Fraenkel, Z.},
	Doi = {10.1007/BF01288200},
	Journal = {Z. Phys. A},
	Pages = {357},
	Title = {Search for supermassive nuclei in nature},
	Volume = {338},
	Year = {1991},
	Url = {http://dx.doi.org/10.1007/BF01288200},
        Annote = {Updated Uranium backscattering search.}
        }

@article{Verkerk1992,
	Author = {Verkerk, P. and Grynberg, G. and Pichard, B. and Spiro, M. and Zylberajch, S. and Goldberg, M.E. and Fayet, P.},
	Doi = {10.1103/PhysRevLett.68.1116},
	Journal = {Phys. Rev. Lett.},
	Pages = {1116},
	Title = {{Search for superheavy hydrogen in sea water}},
	Volume = {68},
	Year = {1992},
	Url = {http://dx.doi.org/10.1103/PhysRevLett.68.1116},
        Annote = {{\em ``Search for Superheavy Hydrogen in Sea Water''}.}
        }

@article{Pinfold1993,
	Author = {Pinfold, J.L. and Du, R. and Kinoshita, K. and Lorazo, B. and Regimbald, M. and Price, B.},
	Doi = {10.1016/0370-2693(93)90346-J},
	Journal = {Phys. Lett. B},
	Pages = {407},
	Title = {{A Search for highly ionizing particles produced at the OPAL intersection point at LEP}},
	Volume = {316},
	Year = {1993},
	Url = {http://dx.doi.org/10.1016/0370-2693(93)90346-J},
        Annote = {HIP search at LEP's OPAL experiment.*}
        }

@article{Yamagata1993,
	Author = {Yamagata, T. and Takamori, Y. and Utsunomiya, H.},
	Doi = {10.1103/PhysRevD.47.1231},
	Journal = {Phys. Rev. D},
	Pages = {1231},
	Title = {{Search for anomalously heavy hydrogen in deep sea water at 4000 m}},
	Volume = {47},
	Year = {1993},
	Url = {http://dx.doi.org/10.1103/PhysRevD.47.1231},
        Annote = {A search for heavy hydrogen in deep sea water.}
        }

@article{Jeon1995,
	Archiveprefix = {arXiv},
	Author = {Jeon, H. and Longo, M.J.},
	Doi = {10.1103/PhysRevLett.75.1443},
	Eprint = {hep-ex/9508003},
	Journal = {Phys. Rev. Lett.},
	Pages = {1443},
	Primaryclass = {hep-ex},
	Title = {{Search for Magnetic Monopoles Trapped in Matter}},
	Volume = {75},
	Year = {1995},
	Url = {http://dx.doi.org/10.1103/PhysRevLett.75.1443},
        Annote = {1995 search for trapped monopoles with a SQUID.}
        }

@article{Vandegriff1996,
	Archiveprefix = {arXiv},
	Author = {Vandegriff, J. and Raimann, G. and Boyd, R.N. and Caffee, M. and Ruiz, B.},
	Doi = {10.1016/0370-2693(95)01443-8},
	Eprint = {nucl-ex/9510003},
	Journal = {Phys. Lett. B},
	Pages = {418},
	Primaryclass = {nucl-ex},
	Title = {{A search for stable strange quark matter nuggets in helium}},
	Volume = {365},
	Year = {1996},
	Url = {http://dx.doi.org/10.1016/0370-2693(95)01443-8},
        Annote = {Searching for strange quark matter in helium.}
        }

@article{Cho1997,
	Archiveprefix = {arXiv},
	Author = {Cho, Y. M. and Maison, D.},
	Doi = {10.1016/S0370-2693(96)01492-X},
	Eprint = {hep-th/9601028},
	Journal = {Phys. Lett. B},
	Pages = {360},
	Primaryclass = {hep-th},
	Title = {{Monopole configuration in Weinberg-Salam model}},
	Volume = {391},
	Year = {1997},
	Url = {http://dx.doi.org/10.1016/S0370-2693(96)01492-X},
        Annote = {The Cho-Mason electroweak monopole.*}
        }

@article{D01998,
	Archiveprefix = {arXiv},
	Author = {{D0 Collaboration}},
	Doi = {10.1103/PhysRevLett.81.524},
	Eprint = {hep-ex/9803023},
	Journal = {Phys. Rev. Lett.},
	Pages = {524},
	Primaryclass = {hep-ex},
	Title = {{Search for Heavy Pointlike Dirac Monopoles}},
	Volume = {81},
	Year = {1998},
	Url = {http://dx.doi.org/10.1103/PhysRevLett.81.524},
        Annote = {Diphoton search for monopoles at the D0 experiment.}
        }

@article{Kusenko1998,
	Archiveprefix = {arXiv},
	Author = {Kusenko, A. and Shaposhnikov, M.E.},
	Doi = {10.1016/S0370-2693(97)01375-0},
	Eprint = {hep-ph/9709492},
	Journal = {Phys. Lett. B},
	Pages = {46},
	Primaryclass = {hep-ph},
	Title = {{Supersymmetric Q-balls as dark matter}},
	Volume = {418},
	Year = {1998},
	Url = {http://dx.doi.org/10.1016/S0370-2693(97)01375-0},
        Annote = {{\em ``Supersymmetric Q-balls as dark matter''}.}
        }

@article{Perillo1998,
	Archiveprefix = {arXiv},
	Author = {Perillo Isaac, M.C. and Chan, Y.D. and Clark, R. and Deleplanque, M.A. and Dragowsky, M.R. and Fallon, P. and Goldman, I.D. and Larimer, R.-M. and Lee, I.Y. and Macchiavelli, A.O. and MacLeod, R.W. and Nishiizumi, K. and Norman, E.B. and Schroeder, L.S. and Stephens, F.S.},
	Doi = {10.1103/PhysRevLett.81.2416},
	Eprint = {astro-ph/9806147},
	Journal = {Phys. Rev. Lett.},
	Pages = {2416},
	Primaryclass = {astro-ph},
	Title = {{Search for Strange Matter by Heavy Ion Activation}},
	Volume = {81},
	Year = {1998},
	Url = {http://dx.doi.org/10.1103/PhysRevLett.81.2416},
        Annote = {Trapped strange matter search using heavy ion activation.}
        }

@article{Dienes1999,
	Archiveprefix = {arXiv},
	Author = {Dienes, K.R. and Dudas, E. and Gherghetta, T.},
	Doi = {10.1016/S0550-3213(98)00669-5},
	Eprint = {hep-ph/9806292},
	Journal = {Nucl. Phys. B},
	Pages = {47},
	Primaryclass = {hep-ph},
	Title = {{Grand unification at intermediate mass scales through extra dimensions}},
	Volume = {537},
	Year = {1999},
	Url = {http://dx.doi.org/10.1016/S0550-3213(98)00669-5},
        Annote = {GUTs and extra dimensions.}
        }

@article{Lyth1999,
	Archiveprefix = {arXiv},
	Author = {Lyth, D.H. and Riotto, A.},
	Doi = {10.1016/S0370-1573(98)00128-8},
	Eprint = {hep-ph/9807278},
	Journal = {Phys. Rep.},
	Pages = {1},
	Primaryclass = {hep-ph},
	Title = {{Particle physics models of inflation and the cosmological density perturbation}},
	Volume = {314},
	Year = {1999},
	Url = {http://dx.doi.org/10.1016/S0370-1573(98)00128-8},
        Annote = {Particle physics and inflation (cosmology).}
        }

@article{Trodden1999,
	Archiveprefix = {arXiv},
	Author = {Trodden, M.},
	Doi = {10.1103/RevModPhys.71.1463},
	Eprint = {hep-ph/9803479},
	Journal = {Rev. Mod. Phys.},
	Pages = {1463},
	Primaryclass = {hep-ph},
	Title = {{Electroweak baryogenesis}},
	Volume = {71},
	Year = {1999},
	Url = {http://dx.doi.org/10.1103/RevModPhys.71.1463},
        Annote = {Review of electroweak baryogensis.}
        }

@article{Bertram2000,
	Author = {Bertram, I. and Landsberg, Greg L. and Linnemann, J. and Partridge, Richard and Paterno, M. and Prosper, H. B.},
	ReportNumber = {FERMILAB-TM-2104},
	Title = {{A Recipe for the construction of confidence limits}},
	Year = {2000},
        Url = {inspirehep.net/record/526421},
        Annote = {Confidence limits - a recipe.*}
        }

@article{Kalbfleisch2000,
	Archiveprefix = {arXiv},
	Author = {Kalbfleisch, G.R. and Milton, K.A. and Strauss, M.G. and Gamberg, L. and Smith, E.H. and Luo, W.},
	Doi = {10.1103/PhysRevLett.85.5292},
	Eprint = {hep-ex/0005005},
	Journal = {Phys. Rev. Lett.},
	Pages = {5292},
	Primaryclass = {hep-ex},
	Title = {{Improved Experimental Limits on the Production of Magnetic Monopoles}},
	Volume = {85},
	Year = {2000},
	Url = {http://dx.doi.org/10.1103/PhysRevLett.85.5292},
        Annote = {Beam pipe search at D0 (post-Tevatron).}
        }

@article{Perl2001,
	Archiveprefix = {arXiv},
	Author = {Perl, M.L. and Kim, P.C. and Halyo, V. and Lee, E.R. and Lee, I.T. and Loomba, D. and Lackner, K.S.},
	Doi = {10.1142/S0217751X01003548},
	Eprint = {hep-ex/0102033},
	Journal = {Int. J. Mod. Phys. A},
	Pages = {2137},
	Primaryclass = {hep-ex},
	Title = {{The Search for stable, massive, elementary particles}},
	Volume = {16},
	Year = {2001},
	Url = {http://dx.doi.org/10.1142/S0217751X01003548},
        Annote = {Review of searches for massive, stable particles.}
        }

@article{Javorsek2001a,
	Author = {Javorsek, D. and Elmore, D. and Fischbach, E. and Granger, D. and Miller, T. and Oliver, D. and Teplitz, V.},
	Doi = {10.1103/PhysRevD.64.012005},
	Journal = {Phys. Rev. D},
	Pages = {012005},
	Title = {{Experimental limits on the existence of strongly interacting massive particles bound to gold nuclei}},
	Volume = {64},
	Year = {2001},
	Url = {http://dx.doi.org/10.1103/PhysRevD.64.012005},
        Annote = {Australian mass spectrometer search in gold.}
        }

@article{Javorsek2001b,
	Author = {Javorsek, D. and Elmore, D. and Fischbach, E. and Granger, D. and Miller, T. and Oliver, D. and Teplitz, V.},
	Doi = {10.1103/PhysRevLett.87.231804},
	Journal = {Phys. Rev. Lett.},
	Pages = {231804},
	Title = {{New Experimental Limits on Strongly Interacting Massive Particles at the TeV Scale}},
	Volume = {87},
	Year = {2001},
	Url = {http://dx.doi.org/10.1103/PhysRevLett.87.231804},
        Annote = {Search in Au/Fe from RHIC, NASA satellite, etc. samples.}
        }

@article{Javorsek2002,
	Author = {Javorsek, D. and Elmore, D. and Fischbach, E. and Granger, D. and Miller, T. and Oliver, D. and Teplitz, V.},
	Doi = {10.1103/PhysRevD.65.072003},
	Journal = {Phys. Rev. D},
	Pages = {072003},
	Title = {{Search for anomalously heavy nuclei in gold and iron}},
	Volume = {65},
	Year = {2002},
	Url = {http://dx.doi.org/10.1103/PhysRevD.65.072003},
        Annote = {More Au/Fe mass spectrometer searches in Australia.}
        }

@article{Ambrosio1997,
        Title = {{Magnetic monopole search with the MACRO detector at Gran Sasso}},
        Author = {{The MACRO Collaboration}},
        Journal = {{Phys. Lett. B}},
        volume = "406",
        number = "3",
        pages = {249--255},
        year = {1997},
        note = "",
        issn = "0370-2693",
        Doi = "10.1016/S0370-2693(97)00684-9",
        Url = "http://dx.doi.org/10.1016/S0370-2693(97)00684-9",
        Annote = {MACRO results (1989-1995).}
        }

@article{Ambrosio2002,
        Title = {{The MACRO detector at Gran Sasso}},
        Journal = {{Nucl. Instr. Meth. A}},
        Volume = {486},
        Number = {3},
        Pages = {663},
        issn = {0168-9002},
        year = {2002},
        issn = {0168-9002},
        Doi = {10.1016/S0168-9002(01)02169-6},
        Url = {http://dx.doi.org/10.1016/S0168-9002(01)02169-6},
	Author = {{The MACRO Collaboration}},
        Annote = {The MACRO detector.}
        }

@article{MACRO2002,
	Archiveprefix = {arXiv},
	Doi = {10.1140/epjc/s2002-01046-9},
	Eprint = {hep-ex/0207020},
	Journal = {Eur. Phys. J. C},
	Volume = {25},
	Pages = {511},
	Primaryclass = {hep-ex},
	Title = {{Final results of magnetic monopole searches with the MACRO experiment}},
	Year = {2002},
        Doi = {10.1140/epjc/s2002-01046-9},
        Url = {http://dx.doi.org/10.1140/epjc/s2002-01046-9},
        Annote = {Final results from the MACRO experiment.*}
        }

@article{Feng2003,
	Archiveprefix = {arXiv},
	Author = {Feng, J.L. and Rajaraman, A. and Takayama, F.},
	Doi = {10.1103/PhysRevD.68.085018},
	Eprint = {hep-ph/0307375},
	Journal = {Phys. Rev. D},
	Pages = {085018},
	Primaryclass = {hep-ph},
	Title = {{Graviton cosmology in universal extra dimensions}},
	Volume = {68},
	Year = {2003},
	Url = {http://dx.doi.org/10.1103/PhysRevD.68.085018},
        Annote = {{\em ``Graviton cosmology in universal extra dimensions''}.}
        }

@article{Hestenes2003a,
         Author = {Hestenes, D.},
         Title = {Oersted Medal Lecture 2002: Reforming the mathematical language of physics},
         Journal = {Am. J. Phys.},
         Volume = {71},
         Issue = {2},
         Year = {2003},
         Pages = {104},
         Doi = {10.1119/1.1522700},
         Url = {http://dx.doi.org/10.1119/1.1522700},
         Annote = {Geometric Algebra (c.f. all Maxwell's equations in one).}
         }

@article{Hestenes2003b,
         Author = {Hestenes, D.},
         Title = {Spacetime physics with geometric algebra},
         Journal = {Am. J. Phys.},
         Volume = {71},
         Issue = {7},
         Pages = {691},
         Year = {2003},
         Doi = {10.1119/1.1571836},
         Url = {http://dx.doi.org/10.1119/1.1571836},
         Annote = {Spacetime physics with Geometric Algebra.}
         }

@article{Kalbfleisch2004,
	Author = {Kalbfleisch, G.R. and Luo, W. and Milton, K.A. and Smith, E.H. and Strauss, M.G.},
	Doi = {10.1103/PhysRevD.69.052002},
	Journal = {Phys. Rev. D},
	Pages = {052002},
	Archiveprefix = {arXiv},
	Eprint = {hep-ex/0306045},
	Primaryclass = {hep-ex},
	Title = {{Limits on production of magnetic monopoles utilizing samples from the D0 and CDF detectors at the Tevatron}},
	Volume = {69},
	Year = {2004},
	Url = {http://dx.doi.org/10.1103/PhysRevD.69.052002},
        Annote = {Monopole limits from D0/CDF beampipe and detector bits.}
        }

@article{Mueller2004,
	Archiveprefix = {arXiv},
	Author = {Mueller, P. and Wang, L.-B. and Holt, R.J. and Lu, Z.-T and O'Connor, T.P. and Schiffer, J.P.},
	Doi = {10.1103/PhysRevLett.92.022501},
	Eprint = {nucl-ex/0302025},
	Journal = {Phys. Rev. Lett.},
	Pages = {022501},
	Primaryclass = {nucl-ex},
	Title = {{Search for Anomalously Heavy Isotopes of Helium in the Earth's Atmosphere}},
	Volume = {92},
	Year = {2004},
	Url = {http://dx.doi.org/10.1103/PhysRevLett.92.022501},
        Annote = {Atmospheric heavy helium isotope search.}
        }

@article{Polchinski2004,
	Archiveprefix = {arXiv},
	Author = {Polchinski, J.},
	Doi = {10.1142/S0217751X0401866X},
	Eprint = {hep-th/0304042},
	Journal = {Int. J. Mod. Phys. A},
	Pages = {145-154},
	Primaryclass = {hep-th},
	Title = {{Monopoles, duality, and string theory}}
	Volume = {19},
	Year = {2004},
	Url = {http://dx.doi.org/10.1142/S0217751X0401866X},
        Annote = {{\em ``Monopoles, duality, and string theory''}.}
        }

@article{Bertone2005,
	Archiveprefix = {arXiv},
	Author = {Bertone, G. and Hooper, D. and Silk, J.},
	Doi = {10.1016/j.physrep.2004.08.031},
	Eprint = {hep-ph/0404175},
	Journal = {Phys. Rept.},
	Pages = {279},
	Primaryclass = {hep-ph},
	Title = {{Particle dark matter: Evidence, candidates and constraints}},
	Volume = {405},
	Year = {2005},
	Url = {http://dx.doi.org/10.1016/j.physrep.2004.08.031},
        Annote = {Particle dark matter - review.}
        }

@article{CDF2006,
	Archiveprefix = {arXiv},
	Author = {{CDF Collaboration}},
	Doi = {10.1103/PhysRevLett.96.201801},
	Eprint = {hep-ex/0509015},
	Journal = {Phys. Rev. Lett.},
	Pages = {201801},
	Primaryclass = {hep-ex},
	Title = {{Direct search for Dirac magnetic monopoles in $p\bar{p}$ collisions at $\sqrt{s} = 1.96$ TeV}},
	Volume = {96},
	Year = {2006},
	Url = {http://dx.doi.org/10.1103/PhysRevLett.96.201801},
        Annote = {Direct monopole searches at Tevatron's CDF (1.96 TeV).}
        }

@article{Geant42006,
	Author = {{Geant4 Collaboration}},
	Doi = {10.1109/TNS.2006.869826},
	Journal = {IEEE Trans. Nucl. Sci.},
	Pages = {270},
	Title = {{Geant4 developments and applications}},
	Volume = {53},
	Year = {2006},
	Url = {http://dx.doi.org/10.1109/TNS.2006.869826},
        Annote = {GEANT4 - develepments and applications.}
        }

@article{H12005,
	Archiveprefix = {arXiv},
	Author = {{H1 Collaboration}},
	Doi = {10.1140/epjc/s2005-02201-6},
	Eprint = {hep-ex/0501039},
	Journal = {Eur. Phys. J. C},
	Pages = {133},
	Primaryclass = {hep-ex},
	Title = {{A direct search for stable magnetic monopoles produced in positron-proton collisions at HERA}},
	Volume = {41},
	Year = {2005},
	Url = {http://dx.doi.org/10.1140/epjc/s2005-02201-6},
        Annote = {H1 beam pipe search for monopoles at HERA (300 GeV)/}
        }

@article{Lu2005,
	Archiveprefix = {arXiv},
	Author = {Lu, Z.T. and Holt, R.J. and Mueller, P. and O'Connor, T.P. and Schiffer, J.P. and Wang, L.-B.},
	Doi = {10.1016/j.nuclphysa.2005.01.038},
	Eprint = {nucl-ex/0402015},
	Journal = {Nucl. Phys. A},
	Pages = {361},
	Primaryclass = {nucl-ex},
	Title = {{Searches for stable strangelets in ordinary matter: Overview and a recent example}},
	Volume = {754},
	Year = {2005},
	Url = {http://dx.doi.org/10.1016/j.nuclphysa.2005.01.038},
        Annote = {Atmospheric laser spectroscopy search for strangelets.}
        }

@book{Clarke2006,
	Author = {Clarke, J. and Braginski, A.I.},
	Journal = {Wiley},
	Title = {{The SQUID Handbook: Fundamentals and Technology of SQUIDs and SQUID Systems}},
	Year = {2006}}

@article{Milton2006,
	Archiveprefix = {arXiv},
	Author = {Milton, K.A.},
	Doi = {10.1088/0034-4885/69/6/R02},
	Eprint = {hep-ex/0602040},
	Journal = {Rep. Prog. Phys.},
	Pages = {1637},
	Primaryclass = {hep-ex},
	Title = {{Theoretical and experimental status of magnetic monopoles}},
	Volume = {69},
	Year = {2006},
	Url = {http://dx.doi.org/10.1088/0034-4885/69/6/R02},
        Annote = {Post-Tevatron monopole search review.}
        }

@article{Sjostrand2006,
      author         = "Sjostrand, T. and Mrenna, S. and Skands, P.Z.",
      title          = "{PYTHIA 6.4 Physics and Manual}",
      journal        = "JHEP",
      volume         = "05",
      year           = "2006",
      pages          = "026",
      doi            = "10.1088/1126-6708/2006/05/026",
      eprint         = "hep-ph/0603175",
      archivePrefix  = "arXiv",
      primaryClass   = "hep-ph",
      Annote = {PYTHIA 6.4 Physics and Manual.}
      }		

@article{Fairbairn2007,
	Archiveprefix = {arXiv},
	Author = {Fairbairn, M. and Kraan, A.C. and Milstead, D.A. and Sjostrand, T. and Skands, P.Z. and Sloan, T.},
	Doi = {10.1016/j.physrep.2006.10.002},
	Eprint = {hep-ph/0611040},
	Journal = {Phys. Rept.},
	Pages = {1},
	Primaryclass = {hep-ph},
	Title = {{Stable massive particles at colliders}},
	Volume = {438},
	Year = {2007},
	Url = {http://dx.doi.org/10.1016/j.physrep.2006.10.002},
        Annote = {Review of massive, stable particle searches at colliders.}
        }

@article{Hooper2007,
	Archiveprefix = {arXiv},
	Author = {Hooper, D. and Profumo, S.},
	Doi = {10.1016/j.physrep.2007.09.003},
	Eprint = {hep-ph/0701197},
	Journal = {Phys. Rept.},
	Pages = {29},
	Primaryclass = {hep-ph},
	Title = {{Dark matter and collider phenomenology of universal extra dimensions}},
	Volume = {453},
	Year = {2007},
	Url = {http://dx.doi.org/10.1016/j.physrep.2007.09.003},
        Annote = {Universal Extra Dimensions at colliders.}
        }

@article{Koch2007,
	Archiveprefix = {arXiv},
	Author = {Koch, B. and Bleicher, M. and Stoecker, H.},
	Doi = {10.1088/0954-3899/34/8/S44},
	Eprint = {hep-ph/0702187},
	Journal = {J. Phys. G},
	Pages = {S535},
	Primaryclass = {hep-ph},
	Title = {{Black Holes at LHC?}},
	Volume = {34},
	Year = {2007},
	Url = {http://dx.doi.org/10.1088/0954-3899/34/8/S44},
        Annote = {Black holes at the LHC? Probably not (yet).}
        }

@article{Timepix2007,
        author = {Llopart, X. and Ballabriga, R. and Campbell, M. and Tlustos, L. and Wong, W.},
        title = {Timepix, a 65k programmable pixel readout chip for arrival time, energy and/or photon counting measurements},
        year = {2007},
        journal = {{N}ucl. {I}nstr. and {M}eth. A},
        volume = {581},
        pages = {485},
        Url = {http://dx.doi.org/10.1016/j.nima.2007.08.079},
        Doi = {10.1016/j.nima.2007.08.079},
        Annote = {The original Timepix paper.*}
        }

@article{Timepix2007Erratum,
        Author = {Llopart, X. and Ballabriga, R. and Campbell, M. and Tlustos, L. and Wong, W.},
        Title = {Erratum to ``Timepix, a 65k programmable pixel readout chip for arrival time, energy and/or photon counting measurements'' [Nucl. Instr. and Meth. A. 581 (2007) 485–494]},
        journal = {{N}ucl. {I}nstr. and {M}eth. A},
        Volume = {585},
        Number = {1–2},
        Pages = {106--108},
        Year = {2008},
        issn = {0168-9002},
        Url = {http://dx.doi.org/10.1016/j.nima.2007.11.003},
        Doi = {10.1016/j.nima.2007.11.003},
        Annote = {Erratum for the original Timepix paper.*}
        }

@article{Medipix2002,
    Author = {Llopart, X. and others},
    Title = {{{Medipix2}: A 64-k pixel readout chip with 55-$\mu \textrm{m}$ square elements working in single photon counting mode}},
    Journal = {IEEE Trans. Nucl. Sci.},
    Volume = {49},
    Number={5},
    Year = {2002},
    Pages = {2279},
    doi = {10.1109/TNS.2002.803788},
    Url = {http://dx.doi.org/10.1109/TNS.2002.803788},
    Annote = {The Medipix2 detector.}
    }

@ARTICLE{Lintott2008,
        Author  = {{Lintott}, C.~J. and {Schawinski}, K. and {Slosar}, A. and {Land}, K. and {Bamford}, S. and {Thomas}, D. and {Raddick}, M.~J. and {Nichol}, R.~C. and {Szalay}, A. and {Andreescu}, D. and {Murray}, P. and {Vandenberg}, J.},
        Title   = "{Galaxy Zoo: morphologies derived from visual inspection of galaxies from the Sloan Digital Sky Survey}",
        Journal = {\mnras},
archivePrefix   = "arXiv",
   eprint = {0804.4483},
 keywords = {methods: data analysis , galaxies: elliptical and lenticular, cD , galaxies: general , galaxies: spiral},
           Year = 2008,
          Month = sep,
         Volume = 389,
          Pages = {1179-1189},
      doi = {10.1111/j.1365-2966.2008.13689.x},
   adsurl = {http://adsabs.harvard.edu/abs/2008MNRAS.389.1179L},
  adsnote = {Provided by the SAO/NASA Astrophysics Data System},
         Annote = {Galaxy Zoo!}
        }

@article{BAIKAL2008,
	Author = {{BAIKAL Collaboration}},
	Doi = {10.1016/j.astropartphys.2008.03.006},
	Journal = {Astropart. Phys.},
	Pages = {366},
	Title = {{Search for relativistic magnetic monopoles with the Baikal Neutrino Telescope}},
	Volume = {29},
	Year = {2008},
	Url = {http://dx.doi.org/10.1016/j.astropartphys.2008.03.006},
        Annote = {Search at the Baikal Neutrino Telescope.}
        }

@article{LHCb2008,
	Author = {{The LHCb Collaboration}},
	Doi = {10.1088/1748-0221/3/08/S08005},
	Journal = {JINST},
	Pages = {S08005},
	Title = {{The LHCb Detector at the LHC}},
	Volume = {3},
	Year = {2008},
	Url = {http://dx.doi.org/10.1088/1748-0221/3/08/S08005},
        Annote = {The LHCb detector.}
        }

@article{OPAL2008,
	Archiveprefix = {arXiv},
	Author = {{OPAL Collaboration}},
	Doi = {10.1016/j.physletb.2008.03.057},
	Eprint = {0707.0404},
	Journal = {Phys. Lett. B},
	Pages = {37},
	Primaryclass = {hep-ex},
	Title = {{Search for Dirac magnetic monopoles in $e^+e^-$ collisions with the OPAL detector at LEP2}},
	Volume = {663},
	Year = {2008},
	Url = {http://dx.doi.org/10.1016/j.physletb.2008.03.057},
        Annote = {Monopole search with OPAL at LEP2.}
        }

@article{SLIM2008a,
	Archiveprefix = {arXiv},
	Author = {{SLIM Collaboration}},
	Doi = {10.1140/epjc/s10052-008-0597-3},
	Eprint = {0801.4913},
	Journal = {Eur. Phys. J. C},
	Pages = {57},
	Primaryclass = {hep-ex},
	Title = {{Magnetic monopole search at high altitude with the SLIM experiment}},
	Volume = {55},
	Year = {2008},
	Url = {http://dx.doi.org/10.1140/epjc/s10052-008-0597-3},
        Annote = {High-altitude monopole search with SLIM.}
        }

@article{SLIM2008b,
	Archiveprefix = {arXiv},
	Author = {{SLIM Collaboration}},
	Doi = {10.1140/epjc/s10052-008-0747-7},
	Eprint = {0805.1797},
	Journal = {Eur. Phys. J. C},
	Pages = {525},
	Primaryclass = {hep-ex},
	Title = {{Results of the Search for Strange Quark Matter and Q-balls with the SLIM Experiment}},
	Volume = {57},
	Year = {2008},
	Url = {http://dx.doi.org/10.1140/epjc/s10052-008-0747-7},
        Annote = {High-altitude strange quark matter/Q-ball search with SLIM.}
        }

@article{RICE2008,
	Archiveprefix = {arXiv},
	Author = {Hogan, D. P. and Besson, D. Z. and Ralston, J. P. and Kravchenko, I. and Seckel, D.},
	Doi = {10.1103/PhysRevD.78.075031},
	Eprint = {0806.2129},
	Journal = {Phys. Rev. D},
	Pages = {075031},
	Primaryclass = {astro-ph},
	Title = {{Relativistic Magnetic Monopole Flux Constraints from RICE}},
	Volume = {78},
	Year = {2008},
	Url = {http://dx.doi.org/10.1103/PhysRevD.78.075031},
        Annote = {Antarctic search with the Radio Ice Cherenkov Experiment.}
        }

@article{Sjostrand2008,
	Archiveprefix = {arXiv},
	Author = {Sjostrand, Torbjorn and Mrenna, Stephen and Skands, Peter Z.},
	Doi = {10.1016/j.cpc.2008.01.036},
	Eprint = {0710.3820},
	Journal = {Comput. Phys. Commun.},
	Pages = {852},
	Primaryclass = {hep-ph},
	Title = {{A Brief Introduction to PYTHIA 8.1}},
	Volume = {178},
	Year = {2008},
	Url = {http://dx.doi.org/10.1016/j.cpc.2008.01.036},
        Annote = {PYTHIA 8.1 - an introduction.}
        }

@techreport{MoEDAL2009,
	Author = {{The MoEDAL Collaboration}},
	ReportNumber = {CERN-LHCC-2009-006 ; MOEDAL-TDR-001},
	Title = {{Technical Design Report of the Moedal Experiment}},
        Month = {June},
	Year = {2009},
        Url = {https://cds.cern.ch/record/1181486}
        }

@article{Pinfold2009,
	Author = {Pinfold, J.L.},
	Doi = {10.1016/j.radmeas.2009.10.062},
	Journal = {Rad. Meas.},
	Volume = {44},
	Title = {{Searching for the magnetic monopole and other highly ionizing particles at accelerators using nuclear track detectors}},
        Pages = {834--839},
	Year = {2009},
	Url = {http://dx.doi.org/10.1016/j.radmeas.2009.10.062},
        Annote = {Review of NTD searches.*}
        }

@article{AMANDA2010,
	Author = {{IceCube Collaboration}},
	Doi = {10.1140/epjc/s10052-010-1411-6},
	Journal = {Eur. Phys. J. C},
	Pages = {361},
	Title = {{Search for relativistic magnetic monopoles with the AMANDA-II neutrino telescope}},
	Volume = {69},
	Year = {2010},
	Url = {http://dx.doi.org/10.1140/epjc/s10052-010-1411-6},
        Annote = {Antarctic monopole search with AMANDA-II.}
        }

@article{Alwall2011,
	Archiveprefix = {arXiv},
	Author = {Alwall, Johan and Herquet, Michel and Maltoni, Fabio and Mattelaer, Olivier and Stelzer, Tim},
	Doi = {10.1007/JHEP06(2011)128},
	Eprint = {1106.0522},
	Journal = {JHEP},
	Pages = {128},
	Primaryclass = {hep-ph},
	Title = {{MadGraph 5 : Going Beyond}},
	Volume = {06},
	Year = {2011},
	Url = {http://dx.doi.org/10.1007/JHEP06(2011)128},
        Annote = {MADGRAPH 5.}
        }

@article{ANITA2011,
	Archiveprefix = {arXiv},
	Author = {{ANITA-II Collaboration}},
	Doi = {10.1103/PhysRevD.83.023513},
	Eprint = {1008.1282},
	Journal = {Phys. Rev. D},
	Pages = {023513},
	Primaryclass = {astro-ph},
	Title = {{Ultra-Relativistic Magnetic Monopole Search with the ANITA-II Balloon-borne Radio Interferometer}},
	Volume = {83},
	Year = {2011},
	Url = {http://dx.doi.org/10.1103/PhysRevD.83.023513},
        Annote = {ANITA-II - antarctic balloon-borne monopole search.}
        }

@article{ATLAS2011a,
	Archiveprefix = {arXiv},
	Author = {{ATLAS Collaboration}},
	Doi = {10.1016/j.physletb.2011.03.033},
	Eprint = {1102.0459},
	Journal = {Phys. Lett. B},
	Pages = {353},
	Primaryclass = {hep-ex},
	Title = {{Search for massive long-lived highly ionising particles with the ATLAS detector at the LHC}},
	Volume = {698},
	Year = {2011},
	Url = {http://dx.doi.org/10.1016/j.physletb.2011.03.033},
        Annote = {ATLAS HIP search at 7 TeV.}
        }

@article{ATLAS2011b,
	Archiveprefix = {arXiv},
	Author = {{ATLAS Collaboration}},
	Doi = {10.1016/j.physletb.2011.08.042},
	Eprint = {1106.4495},
	Journal = {Phys. Lett. B},
	Pages = {428},
	Primaryclass = {hep-ex},
	Title = {{Search for Heavy Long-Lived Charged Particles with the ATLAS detector in pp collisions at sqrt(s) = 7 TeV}},
	Volume = {703},
	Year = {2011},
	Url = {http://dx.doi.org/10.1016/j.physletb.2011.08.042},
        Annote = {Long-lived particle search with ATLAS (7 TeV).}
        }

@article{ATLAS2011c,
	Archiveprefix = {arXiv},
	Author = {{ATLAS Collaboration}},
	Doi = {10.1016/j.physletb.2011.05.010},
	Eprint = {1103.1984},
	Journal = {Phys. Lett. B},
	Pages = {1},
	Primaryclass = {hep-ex},
	Title = {{Search for stable hadronising squarks and gluinos with the ATLAS experiment at the LHC}},
	Volume = {701},
	Year = {2011},
	Url = {http://dx.doi.org/10.1016/j.physletb.2011.05.010},
        Annote = {ATLAS search for stable hadronising squarks etc. (7 TeV).}
        }

@article{Burdin2011,
	Author = {Burdin, S. and Horbatsch, M. and Taylor, W.},
	Doi = {10.1016/j.nima.2011.10.044},
	Journal = {Nucl. Inst. Meth. A},
	Pages = {111},
	Title = {{A correction to Birks' Law in liquid argon ionization chamber simulations for highly ionizing particles}},
	Volume = {664},
	Year = {2012},
	Url = {http://dx.doi.org/10.1016/j.nima.2011.10.044},
        Annote = {HIPs in Argon detectors.}
        }

@article{Simpson2012,
        Author = {Simpson, R. J. and Povich, M. S. and Kendrew, S. and Lintott, C. J. and Bressert, E. and Arvidsson, K. and Cyganowski, C. and Maddison, S. and Schawinski, K. and Sherman, R. and Smith, A. M. and Wolf-Chase, G.},
        Title = {The Milky Way Project First Data Release: a bubblier Galactic disc},
        Volume = {424}, 
        Number = {4}, 
        Pages = {2442-2460}, 
        Year = {2012}, 
        Doi = {10.1111/j.1365-2966.2012.20770.x}, 
        Url = {https://dx.doi.org/10.1111/j.1365-2966.2012.20770.x}, 
        mnrasurl = {http://mnras.oxfordjournals.org/content/424/4/2442.abstract}, 
        eprint = {http://mnras.oxfordjournals.org/content/424/4/2442.full.pdf+html}, 
        journal = {MNRAS},
        Annote = {The Milky Way Project: first data release.}
        }

@article{Kendrew2012,
        author = {S. Kendrew and R. Simpson and E. Bressert and M. S. Povich and R. Sherman and C. J. Lintott and T. P. Robitaille and K. Schawinski and G. Wolf-Chase},
        title = {The Milky Way Project: A Statistical Study of Massive Star Formation Associated with Infrared Bubbles},
        journal = {ApJ},
        volume = {755},
        number = {1},
        pages = {71},
        Year = {2012},
        doi = {10.1088/0004-637X/755/1/71},
        url = {http://dx.doi.org/10.1088/0004-637X/755/1/71},
        Annote = {The Milky Way Project: Infrared bubble stuff.}
        }

@inbook{Fortson2012,
        author = {{Fortson}, L. and {Masters}, K. and {Nichol}, R. and {Borne}, K.~D. and {Edmondson}, E.~M. and {Lintott}, C. and {Raddick}, J. and {Schawinski}, K. and {Wallin}, J.},
        title = "{Galaxy Zoo: Morphological Classification and Citizen Science}",
        booktitle = {Advances in Machine Learning and Data Mining for Astronomy},
        year = {2012},
        month = mar,
        editor = {{Way}, M.~J. and {Scargle}, J.~D. and {Ali}, K.~M. and {Srivastava}, A.~N.},
        pages = {213-236},
        adsurl = {http://adsabs.harvard.edu/abs/2012amld.book..213F},
        url = {http://adsabs.harvard.edu/abs/2012amld.book..213F},
        adsnote = {Provided by the SAO/NASA Astrophysics Data System}
        }

@article{ANTARES2012,
	Archiveprefix = {arXiv},
	Author = {{ANTARES Collaboration}},
	Doi = {10.1016/j.astropartphys.2012.02.007},
	Eprint = {1110.2656},
	Journal = {Astropart. Phys.},
	Pages = {634},
	Primaryclass = {astro-ph},
	Title = {{Search for Relativistic Magnetic Monopoles with the ANTARES Neutrino Telescope}},
	Volume = {35},
	Year = {2012},
	Url = {http://dx.doi.org/10.1016/j.astropartphys.2012.02.007},
        Annote = {Monopole search with ANTARES (Mediterranean $\nu$ exp.).}
        }

@article{ATLAS2012a,
	Archiveprefix = {arXiv},
	Author = {{ATLAS Collaboration}},
	Doi = {10.1103/PhysRevLett.109.261803},
	Eprint = {1207.6411},
	Journal = {Phys. Rev. Lett.},
	Pages = {261803},
	Primaryclass = {hep-ex},
	Title = {{Search for magnetic monopoles in sqrt(s) = 7 TeV pp collisions with the ATLAS detector}},
	Volume = {109},
	Year = {2012},
	Url = {http://dx.doi.org/10.1103/PhysRevLett.109.261803},
        Annote = {ATLAS monopole search (7 TeV).}
        }

@article{ATLAS2012b,
	Archiveprefix = {arXiv},
	Author = {{ATLAS Collaboration}},
	Doi = {10.1103/PhysRevLett.108.251801},
	Eprint = {1203.1303},
	Journal = {Phys. Rev. Lett.},
	Pages = {251801},
	Primaryclass = {hep-ex},
	Title = {{Search for a light Higgs boson decaying to long-lived weakly-interacting particles in proton-proton collisions at $\sqrt{s}=7$ TeV with the ATLAS detector}},
	Volume = {108},
	Year = {2012},
	Url = {http://dx.doi.org/10.1103/PhysRevLett.108.251801},
        Annote = {ATLAS Higgs to long-lived particle search (7 TeV).}
        }

@article{ATLAS2012c,
	Archiveprefix = {arXiv},
	Author = {{ATLAS Collaboration}},
	Doi = {10.1016/j.physletb.2012.08.020},
	Eprint = {1207.7214},
	Journal = {Phys. Lett. B},
	Pages = {1},
	Primaryclass = {hep-ex},
	Title = {{Observation of a new particle in the search for the Standard Model Higgs boson with the ATLAS detector at the LHC}},
	Volume = {716},
	Year = {2012},
	Url = {http://dx.doi.org/10.1016/j.physletb.2012.08.020},
        Annote = {The ATLAS Higgs discovery paper.}
        }

@article{CMS2012a,
	Archiveprefix = {arXiv},
	Author = {{CMS Collaboration}},
	Doi = {10.1016/j.physletb.2012.08.021},
	Eprint = {1207.7235},
	Journal = {Phys. Lett. B},
	Pages = {30},
	Primaryclass = {hep-ex},
	Title = {{Observation of a new boson at a mass of 125 GeV with the CMS experiment at the LHC}},
	Volume = {716},
	Year = {2012},
	Url = {http://dx.doi.org/10.1016/j.physletb.2012.08.021},
        Annote = {The CMS Higgs discovery paper.}
        }

@article{DeRoeck2012a,
	Archiveprefix = {arXiv},
	Author = {De Roeck, A. and Katre, A. and Mermod, P. and Milstead, D. and Sloan, T.},
	Doi = {10.1140/epjc/s10052-012-1985-2},
	Eprint = {1112.2999},
	Journal = {Eur. Phys. J. C},
	Pages = {1985},
	Primaryclass = {hep-ph},
	Title = {{Sensitivity of LHC experiments to exotic highly ionising particles}},
	Volume = {72},
	Year = {2012},
	Url = {http://dx.doi.org/10.1140/epjc/s10052-012-1985-2},
        Annote = {Finding HIPs at the LHC.}
        }

@article{DeRoeck2012b,
	Archiveprefix = {arXiv},
	Author = {De Roeck, A. and {H\"achler}, H.-P. and Hirt, A. M. and Dam Joergensen, M. and Katre, A. and Mermod, P. and Milstead, D. and Sloan, T.},
	Doi = {10.1140/epjc/s10052-012-2212-x},
	Eprint = {1206.6793},
	Journal = {Eur. Phys. J. C},
	Pages = {2212},
	Primaryclass = {physics.ins-det},
	Title = {{Development of a magnetometer-based search strategy for stopped monopoles at the Large Hadron Collider}},
	Volume = {72},
	Year = {2012},
	Url = {http://dx.doi.org/10.1140/epjc/s10052-012-2212-x},
        Annote = {MMT development with CMS beam pipe fragments.}
        }

@article{Epele2012,
	Archiveprefix = {arXiv},
	Author = {Epele, L.N. and Fanchiotti, H. and Garcia Canal, C.A. and Mitsou, V.A. and Vento, V.},
	Doi = {10.1140/epjp/i2012-12060-8},
	Eprint = {1205.6120},
	Journal = {Eur. Phys. J. Plus},
	Pages = {60},
	Primaryclass = {hep-ph},
	Title = {{Looking for magnetic monopoles at LHC with diphoton events}},
	Volume = {127},
	Year = {2012},
	Url = {http://dx.doi.org/10.1140/epjp/i2012-12060-8},
        Annote = {Proposed monopole/monopolium diphoton LHC searches.}
        }

@article{Rajantie2012,
	Archiveprefix = {arXiv},
	Author = {Rajantie, A.},
	Doi = {10.1080/00107514.2012.685693},
	Eprint = {1204.3077},
	Journal = {Contemp. Phys.},
	Pages = {195-211},
	Primaryclass = {hep-th},
	Title = {{Introduction to magnetic monopoles}},
	Volume = {53},
        Issue = {3},
	Year = {2012},
        Month = {June},
	Url = {http://dx.doi.org/10.1080/00107514.2012.685693},
        Annote = {Introduction to magnetic monopoles.*}
        }

@article{PDG2012,
	Author = {Beringer, J. and others},
	Collaboration = {Particle Data Group},
	Journal = {Phys. Rev. D},
	Pages = {010001},
	Title = {{Review of Particle Physics}},
	Volume = {86},
	Year = {2012},
	Doi = {10.1103/PhysRevD.86.010001},
	Url = {http://dx.doi.org/10.1103/PhysRevD.86.010001},
        Annote = {PDG's Review of Particle Physics.}
        }

@article{PDG2014,
      author         = "Olive, K. A. and others",
      title          = "{Review of Particle Physics}",
      collaboration  = "Particle Data Group",
      journal        = "Chin. Phys. C",
      volume         = "38",
      year           = "2014",
      pages          = "090001",
      doi            = {10.1088/1674-1137/38/9/090001},
      Annote = {PDG's Review of Particle Physics.}
      }

@article{Beaumont2014,
         author = {C. N. Beaumont and A. A. Goodman and S. Kendrew and J. P. Williams and R. Simpson},
         title = {The Milky Way Project: Leveraging Citizen Science and Machine Learning to Detect Interstellar Bubbles},
         journal = {ApJS},
         volume = {214},
         Number = {1},
         Pages = {3},
         iopurl = {http://stacks.iop.org/0067-0049/214/i=1/a=3},
         year = {2014},
         doi = {10.1088/0067-0049/214/1/3},
         url = {http://dx.doi.org/10.1088/0067-0049/214/1/3},
         Annote = {The Milky Way Project - Citizen Science and Machine Learning.}
         }

@article{ATLAS2013a,
	Archiveprefix = {arXiv},
	Author = {{ATLAS Collaboration}},
	Doi = {10.1016/j.physletb.2013.04.036},
	Eprint = {1301.5272},
	Journal = {Phys. Lett. B},
	Pages = {305},
	Primaryclass = {hep-ex},
	Title = {{Search for long-lived, multi-charged particles in pp collisions at $\sqrt{s}$=7 TeV using the ATLAS detector}},
	Volume = {722},
	Year = {2013},
	Url = {http://dx.doi.org/10.1016/j.physletb.2013.04.036},
        Annote = {Long-lived, multi-charged particle search at ATLAS (7 TeV).}
        }

@article{ATLAS2013b,
	Archiveprefix = {arXiv},
	Author = {{ATLAS Collaboration}},
	Doi = {10.1016/j.physletb.2013.02.015},
	Eprint = {1211.1597},
	Journal = {Phys. Lett. B},
	Pages = {277},
	Primaryclass = {hep-ex},
	Title = {{Searches for heavy long-lived sleptons and $R$-Hadrons with the ATLAS detector in $pp$ collisions at $\sqrt{s}=7$ TeV}},
	Volume = {720},
	Year = {2013},
	Url = {http://dx.doi.org/10.1016/j.physletb.2013.02.015},
        Annote = {Slepton/R-hadron search at ATLAS (7 TeV).}
        }

@article{ATLAS2013c,
	Archiveprefix = {arXiv},
	Author = {{ATLAS Collaboration}},
	Doi = {10.1016/j.physletb.2013.02.058},
	Eprint = {1210.0435},
	Journal = {Phys. Lett. B},
	Pages = {32},
	Primaryclass = {hep-ex},
	Title = {{Search for displaced muonic lepton jets from light Higgs boson decay in proton-proton collisions at $\sqrt{s}=7$ TeV with the ATLAS detector}},
	Volume = {721},
	Year = {2013},
	Url = {http://dx.doi.org/10.1016/j.physletb.2013.02.058},
        Annote = {Displaced muonic lepton jets at ATLAS (7 TeV).}
        }

@article{ATLAS2013d,
	Archiveprefix = {arXiv},
	Author = {{ATLAS Collaboration}},
	Doi = {10.1016/j.physletb.2013.01.042},
	Eprint = {1210.7451},
	Journal = {Phys. Lett. B},
	Pages = {280},
	Primaryclass = {hep-ex},
	Title = {{Search for long-lived, heavy particles in final states with a muon and multi-track displaced vertex in proton-proton collisions at $\sqrt{s}=7$ TeV with the ATLAS detector}},
	Volume = {719},
	Year = {2013},
	Url = {http://dx.doi.org/10.1016/j.physletb.2013.01.042},
        Annote = {Displaced muon+jets vertex search at ATLAS (7 TeV).}
        }

@article{ATLAS2013e,
	Archiveprefix = {arXiv},
	Author = {{ATLAS Collaboration}},
	Doi = {10.1016/j.physletb.2013.08.010},
	Eprint = {1307.1427},
	Journal = {Phys. Lett. B (in press)},
	Primaryclass = {hep-ex},
	Title = {{Measurements of Higgs boson production and couplings in diboson final states with the ATLAS detector at the LHC}},
	Year = {2013},
	Url = {http://dx.doi.org/10.1016/j.physletb.2013.08.010},
        Annote = {Higgs production, couplings in diboson final states at ATLAS (7 TeV).}
        }

@article{Ball2013,
	Archiveprefix = {arXiv},
	Author = {Ball, Richard D. and others},
	Doi = {10.1016/j.nuclphysb.2012.10.003},
	Eprint = {1207.1303},
	Journal = {Nucl. Phys. B},
	Pages = {244},
	Primaryclass = {hep-ph},
	Title = {{Parton distributions with LHC data}},
	Volume = {867},
	Year = {2013},
	Url = {http://dx.doi.org/10.1016/j.nuclphysb.2012.10.003},
        Annote = {{\em ``Parton distributions with LHC data''}.}
        }

@article{Bendtz2013,
	Archiveprefix = {arXiv},
	Author = {Bendtz, K. and Milstead, D. and Hachler, H.-P. and Hirt, A.M. and Mermod, P. and Michael, P. and Sloan, T. and Tegner, C. and Thorarinsson, S.B.},
	Doi = {10.1103/PhysRevLett.110.121803},
	Eprint = {1301.6530},
	Journal = {Phys. Rev. Lett.},
	Pages = {121803},
	Primaryclass = {hep-ex},
	Title = {{Search for magnetic monopoles in polar volcanic rocks}},
	Volume = {110},
	Year = {2013},
	Url = {http://dx.doi.org/10.1103/PhysRevLett.110.121803},
        Annote = {Polar volcanic rock search with a SQUID (ft. P. Mermod!).}
        }

@article{CMS2013a,
	Archiveprefix = {arXiv},
	Author = {{CMS Collaboration}},
	Doi = {10.1007/JHEP07(2013)122},
	Eprint = {1305.0491},
	Journal = {JHEP},
	Pages = {122},
	Primaryclass = {hep-ex},
	Title = {{Searches for long-lived charged particles in pp collisions at $\sqrt{s}$=7 and 8 TeV}},
	Volume = {07},
	Year = {2013},
	Url = {http://dx.doi.org/10.1007/JHEP07(2013)122},
        Annote = {Search for long-lived charged particles at CMS (7/8TeV).}
        }

@article{CMS2013b,
	Archiveprefix = {arXiv},
	Author = {{CMS Collaboration}},
	Doi = {10.1007/JHEP02(2013)085},
	Eprint = {1211.2472},
	Journal = {JHEP},
	Pages = {085},
	Primaryclass = {hep-ex},
	Title = {{Search in leptonic channels for heavy resonances decaying to long-lived neutral particles}},
	Volume = {02},
	Year = {2013},
	Url = {http://dx.doi.org/10.1007/JHEP02(2013)085},
        Annote = {CMS long-lived neutral particle search (leptonic).}
        }

@article{CMS2013c,
	Author = {{CMS Collaboration}},
	Journal = {CMS-PAS-EXO-12-038},
	Title = {{Search for long-lived neutral particles decaying to dijets}},
	Year = {2013},
	Number = {CMS-PAS-EXO-12-038},
        Url = {https://cds.cern.ch/record/1563591},
        Annote = {CMS Physics Analysis Summary - displaced dijet search.}
        }

@article{Farina2013,
	Archiveprefix = {arXiv},
	Author = {Farina, M. and Pappadopulo, D. and Strumia, A.},
	Doi = {10.1007/JHEP08(2013)022},
	Eprint = {1303.7244},
	Journal = {JHEP},
	Pages = {022},
	Primaryclass = {hep-ph},
	Title = {{A modified naturalness principle and its experimental tests}},
	Volume = {1308},
	Year = {2013},
	Url = {http://dx.doi.org/10.1007/JHEP08(2013)022},
        Annote = {Modifying ``naturalness'' - and testing it.}
        }

@article{Mermod2013,
	Archiveprefix = {arXiv},
	Author = {Mermod, P.},
	Eprint = {1305.3718},
	Journal = {to appear in proceedings of 48th Rencontres de Moriond},
	Primaryclass = {hep-ex},
	Title = {{Magnetic monopoles at the LHC and in the Cosmos}},
	Year = {2013},
        Url = {http://arxiv.org/abs/1305.3718},
        Annote = {Mermod on monopoles at Moriond 2013.}
        }

@article{TLEP2013a,
	Archiveprefix = {arXiv},
	Author = {Koratzinos, M. and Blondel, A.P. and Aleksan, R. and Brunner, O. and Butterworth, A. and Janot, P. and Jensen, E. and Osborne, J. and Zimmermann, F. and Ellis, J. R. and Zanetti, M.},
	Eprint = {1305.6498},
	Primaryclass = {physics.acc-ph},
	Title = {{TLEP: A High-Performance Circular $e^+e^-$ Collider to Study the Higgs Boson}},
	Year = {2013},
        Url = {http://arxiv.org/abs/1305.6498},
        Annote = {TLEP (Higgs factory) proposal.}
        }

@article{TLEP2013b,
	Archiveprefix = {arXiv},
	Author = {{The TLEP Collaboration}},
	Eprint = {1308.6176},
	Primaryclass = {hep-ex},
	Title = {{First Look at the Physics Case of TLEP}},
	Year = {2014},
        Journal = {JHEP},
        volume="2014",
        number="1",
        pages="1--49",
        Doi = {10.1007/JHEP01(2014)164},
        Url = {http://dx.doi.org/10.1007/JHEP01(2014)164},
        Annote = {The TLEP physics case.}
        }

@inbook{Mermod2014,
	Archiveprefix = {arXiv},
	Author = {Mermod, P and Others},
	Eprint = {1311.6940},
	Primaryclass = {physics.ins-det},
	Title = {Search in 8 TeV proton-proton collisions with the MoEDAL monopole-trapping test array},
	Year = {2014},
        Journal = {ICATPP 2013},
        volume = {C13-09-23.3},
        pages = {382--388},
        Doi = {10.1142/9789814603164_0059},
        Url = {http://dx.doi.org/10.1142/9789814603164_0059},
        Annote = {8 TeV MMT results (conference paper).*}
        }

@article{MoEDAL2014,
	Archiveprefix = {arXiv},
	Author = {{The MoEDAL Collaboration}},
	Doi = {10.1142/S0217751X14300506},
	Eprint = {1405.7662},
	Journal = {Int. J. Mod. Phys. A},
	Pages = {1430050},
	Primaryclass = {hep-ph},
	Title = {{The Physics Programme Of The MoEDAL Experiment At The LHC}},
	Volume = {29},
	Year = {2014},
	Url = {http://dx.doi.org/10.1142/S0217751X14300506},
        Annote = {The MoEDAL physics programme.*}
        }
	
@article{ATLAS2015a,
	Archiveprefix = {arXiv},
	Author = {{The ATLAS Collaboration}},
	Eprint = {1509.08059},
	Journal = {Phys. Rev. D},
        Volume = {93},
        Pages = {052009},
	Primaryclass = {hep-ex},
	Title = {{Search for magnetic monopoles and stable particles with high electric charges in 8 TeV $pp$ collisions with the ATLAS detector}},
	Year = {2015},
        Doi = {10.1103/PhysRevD.93.052009},
        Annote = {ATLAS HIP etc. search (8 TeV).}
        }

@article{Burdin2015,
	Archiveprefix = {arXiv},
	Author = {Burdin, S. and Fairbairn, M. and Mermod, P. and Milstead, D. and Pinfold, J. and Sloan, T. and Taylor, W.},
	Date-Modified = {2015-11-30 23:38:30 +0000},
	Eprint = {1410.1374},
	Journal = {Phys. Rept.},
	Pages = {1-52},
	Primaryclass = {hep-ph},
	Title = {{Non-collider searches for stable massive particles}},
	Volume = {582},
	Year = {2015},
        Doi = {10.1016/j.physrep.2015.03.004},
        Annote = {{\em ``Non-collider searches for stable massive particles''}.}
        }

@article{Cho2015,
	Archiveprefix = {arXiv},
	Author = {Cho, Y.M. and Kimm, K. and Yoon, J.H.},
	Doi = {10.1140/epjc/s10052-015-3290-3},
	Eprint = {1305.1699},
	Journal = {Eur. Phys. J. C},
	Number = {2},
	Pages = {67},
	Primaryclass = {hep-ph},
	Title = {{Finite energy electroweak dyon}},
	Volume = {75},
	Year = {2015},
	Url = {http://dx.doi.org/10.1140/epjc/s10052-015-3290-3},
        Annote = {{\em ``Finite energy electroweak dyon''}.}
        }

@article{Kimm2016,
	Archiveprefix = {arXiv},
	Author = {Kimm, K. and Yoon, J. H. and Oh, S. H. and Cho, Y. M.},
	Doi = {10.1140/epjc/s10052-015-3290-3},
	Eprint = {1212.3885},
	Journal = {Mod. Phys. Lett. A},
	Pages = {1650053},
	Primaryclass = {hep-ph},
	Title = {{Mass of the electroweak monopole}},
	Volume = {31},
        Number = {9},
	Year = {2016},
        Month = {March},
	Url = {http://dx.doi.org/10.1140/epjc/s10052-015-3290-3},
        Annote = {{\em``Mass of the electroweak monopole''}.}
        }

@article{IceCube2015,
	Archiveprefix = {arXiv},
	Author = {{IceCube Collaboration}},
	Eprint = {1511.01350},
	Primaryclass = {astro-ph.HE},
	Title = {{Searches for Relativistic Magnetic Monopoles in IceCube}},
        Journal = {{Eur. Phys. J. C}},
        volume="76",
        number="3",
        pages="1--16",
	Year = {2015},
        Doi = {10.1140/epjc/s10052-016-3953-8},
        Annote = {Monopole searches with IceCube.}
        }

@article{Patrizii2015,
	Archiveprefix = {arXiv},
	Author = {Patrizii, L. and Spurio, M.},
	Doi = {10.1146/annurev-nucl-102014-022137},
	Eprint = {1510.07125},
	Journal = {Ann. Rev. Nucl. Part. Sci.},
	Pages = {279},
	Primaryclass = {hep-ex},
	Title = {{Status of Searches for Magnetic Monopoles}},
	Volume = {65},
	Year = {2015},
	Url = {http://dx.doi.org/10.1146/annurev-nucl-102014-022137},
        Annote = {Latest status of magnetic monopole searches.*}
        }

@article{Ellis2016,
      author         = {Ellis, J. and Mavromatos, N.E. and You, T.},
      title          = {{The price of an electroweak monopole}},
      Journal        = {Phys. Lett. B},
      Volume         = {756},
      Pages          = {29},
      Month          = {May},
      year           = {2016},
      eprint         = {1602.01745},
      archivePrefix  = {arXiv},
      primaryClass   = {hep-ph},
      Doi            = {10.1016/j.physletb.2016.02.048},
      Annote = {Finding electroweak monopoles at the LHC.}
      }

@article{Patrizii2016,
      Author         = {Patrizii, L. and Sahnoun, Z.},
      Title          = "{Energy Losses of Magnetic Monopoles in Aluminium, Iron, and Copper}",
      Doi            = {MoEDAL-Note-2016-001},
      Year           = "2016",
      Url            = {https://cds.cern.ch/record/2140908},
      Annote         = {Monopole energy loss in Al, Fe, and Cu (analysis note).}
      }

@article{MoEDAL2016a,
	Archiveprefix = {arXiv},
	Author = {{The MoEDAL Collaboration}},
	Eprint = {1604.06645},
	Journal = {JHEP},
        Volume = {2016},
        Pages = {67},
	Primaryclass = {hep-ex},
	Title = {{Search for magnetic monopoles with the MoEDAL prototype trapping detector in 8 TeV proton-proton collisions at the LHC}},
	Year = {2016},
        Doi = {10.1007/JHEP08(2016)067},
        Annote = {MoEDAL's MMT results (8 TeV).}
        }
